"Count","Tradelist Count","Name","Edition","Condition","Language","Foil","Tags","Last Modified","Collector Number","Alter","Proxy","Purchase Price"
"2","2","A Realm Reborn","fin","Near Mint","English","","","2026-07-08 23:22:59.113000","196","False","False","0.33"
"1","1","A.I.M. Labs","msh","Near Mint","English","foil","","2026-07-08 23:22:59.113000","257","False","False","0.38"
"1","1","A.I.M. Scientists","msh","Near Mint","English","foil","","2026-07-08 23:22:59.113000","44","False","False","0.26"
"1","1","Aang, at the Crossroads // Aang, Destined Savior","tla","Near Mint","English","","","2026-07-08 23:22:59.113000","203","False","False","1.12"
"1","1","Aang, Swift Savior // Aang and La, Ocean's Fury","tla","Near Mint","English","","","2026-07-08 23:22:59.113000","204","False","False","3.14"
"2","2","Aang, the Last Airbender","tla","Near Mint","English","","","2026-07-08 23:22:59.113000","4","False","False","0.07"
"3","3","Aang's Journey","tla","Near Mint","English","","","2026-07-08 23:22:59.113000","1","False","False","0.07"
"1","1","Aatchik, Emerald Radian","dft","Near Mint","English","foil","","2026-07-08 23:22:59.113000","187","False","False","0.36"
"1","1","Aatchik, Emerald Radian","dft","Near Mint","English","foil","","2026-07-08 23:22:59.113000","360","False","False","0.48"
"3","3","Abandon Attachments","tla","Near Mint","English","","","2026-07-08 23:22:59.113000","205","False","False","0.14"
"1","1","Aberrant Manawurm","sos","Near Mint","English","","","2026-07-08 23:22:59.113000","138","False","False","0.08"
"1","1","Abigale, Eloquent First-Year","ecl","Near Mint","English","","","2026-07-08 23:22:59.113000","204","False","False","0.61"
"2","2","Abomination, Terrifying Titan","msh","Near Mint","English","foil","","2026-07-08 23:22:59.113000","333","False","False","0.19"
"1","1","Abomination, Terrifying Titan","msh","Near Mint","English","","","2026-07-08 23:22:59.113000","198","False","False","0.21"
"1","1","Abrade","fdn","Near Mint","English","","","2026-07-08 23:22:59.113000","327","False","False","0.58"
"1","1","Abrade","tdc","Near Mint","English","","","2026-07-08 23:22:59.113000","203","False","False","0.19"
"1","1","Abrade","sld","Near Mint","English","foil","","2026-07-08 23:22:59.113000","2390","False","False",""
"1","1","Absorbing Man","msh","Near Mint","English","foil","","2026-07-08 23:22:59.113000","199","False","False","0.92"
"1","1","Absorbing Man and Titania","msc","Near Mint","English","","","2026-07-08 23:22:59.113000","510","False","False","5.83"
"1","1","Abstruse Appropriation","mh3","Near Mint","English","","","2026-07-08 23:22:59.113000","177","False","False","0.25"
"2","2","Abundant Growth","inr","Near Mint","English","","","2026-07-08 23:22:59.113000","184","False","False","0.11"
"1","1","Abyssal Harvester","fdn","Near Mint","English","","","2026-07-08 23:22:59.113000","54","False","False","0.43"
"1","1","Abzan Devotee","tdm","Near Mint","English","","","2026-07-08 23:22:59.113000","68","False","False","0.12"
"1","1","Abzan Devotee","tdm","Near Mint","English","","","2026-07-08 23:22:59.113000","68","False","False","0.13"
"3","3","Abzan Devotee","tdm","Near Mint","English","","","2026-07-08 23:22:59.113000","68","False","False","0.13"
"1","1","Abzan Devotee","tdm","Near Mint","English","foil","","2026-07-08 23:22:59.113000","68","False","False","0.20"
"1","1","Abzan Monument","tdm","Near Mint","English","","","2026-07-08 23:22:59.113000","238","False","False","0.19"
"1","1","Abzan Monument","tdm","Near Mint","English","","","2026-07-08 23:22:59.113000","238","False","False","0.15"
"2","2","Accumulate Wisdom","tla","Near Mint","English","","","2026-07-08 23:22:59.113000","44","False","False","0.45"
"1","1","Acidic Slime","m3c","Near Mint","English","","","2026-07-08 23:22:59.113000","218","False","False","0.34"
"1","1","Adagia, Windswept Bastion","eoe","Near Mint","English","","","2026-07-08 23:22:59.113000","250","False","False","6.42"
"1","1","Adaptive Automaton","fdn","Near Mint","English","foil","","2026-07-08 23:22:59.113000","723","False","False","0.72"
"1","1","Adaptive Omnitool","drc","Near Mint","English","","","2026-07-08 23:22:59.113000","16","False","False","1.05"
"1","1","Adarkar Wastes","blc","Near Mint","English","","","2026-07-08 23:22:59.113000","291","False","False","0.23"
"1","1","Adarkar Wastes","eoc","Near Mint","English","","","2026-07-08 23:22:59.113000","147","False","False","0.24"
"1","1","Additive Evolution","sos","Near Mint","English","foil","","2026-07-08 23:22:59.113000","139","False","False","0.33"
"1","1","Additive Evolution","sos","Near Mint","English","","","2026-07-08 23:22:59.113000","139","False","False","0.22"
"2","2","Adelbert Steiner","fin","Near Mint","English","","","2026-07-08 23:22:59.113000","3","False","False","0.04"
"1","1","Adeline, Resplendent Cathar","j25","Near Mint","English","","","2026-07-08 23:22:59.113000","57","False","False","1.96"
"1","1","Adeline, Resplendent Cathar","fca","Near Mint","English","","","2026-07-08 23:22:59.113000","1","False","False","5.12"
"1","1","Adept Watershaper","ecl","Near Mint","English","","","2026-07-08 23:22:59.113000","3","False","False","0.43"
"3","3","Adorned Crocodile","tdm","Near Mint","English","","","2026-07-08 23:22:59.113000","69","False","False","0.15"
"1","1","Adrenaline Jockey","dft","Near Mint","English","foil","","2026-07-08 23:22:59.113000","112","False","False","0.24"
"2","2","Adventure Awaits","znr","Near Mint","English","","","2026-07-08 23:22:59.113000","177","False","False","0.11"
"3","3","Adventurer's Airship","fin","Near Mint","English","","","2026-07-08 23:22:59.113000","252","False","False","0.03"
"3","3","Adventurer's Inn","fin","Near Mint","English","","","2026-07-08 23:22:59.113000","271","False","False","0.12"
"1","1","Adventurer's Inn","fin","Near Mint","English","","","2026-07-08 23:22:59.113000","271","False","False","0.29"
"2","2","Adventuring Gear","fdn","Near Mint","English","","","2026-07-08 23:22:59.113000","249","False","False","0.13"
"2","2","Adventurous Eater // Have a Bite","sos","Near Mint","English","","","2026-07-08 23:22:59.113000","72","False","False","0.08"
"1","1","Adventurous Eater // Have a Bite","sos","Near Mint","English","foil","","2026-07-08 23:22:59.113000","72","False","False","0.19"
"1","1","Aegis Sculptor","tdm","Near Mint","English","","","2026-07-08 23:22:59.113000","35","False","False","0.08"
"1","1","Aegis Sculptor","tdm","Near Mint","English","","","2026-07-08 23:22:59.113000","35","False","False","0.08"
"4","4","Aegis Turtle","fdn","Near Mint","English","","","2026-07-08 23:22:59.113000","150","False","False","0.09"
"1","1","Aerial Doombot","msh","Near Mint","English","","","2026-07-08 23:22:59.113000","43","False","False","0.23"
"1","1","Aerial Extortionist","mkc","Near Mint","English","","","2026-07-08 23:22:59.113000","54","False","False","4.15"
"2","2","Aerie Auxiliary","mh3","Near Mint","English","","","2026-07-08 23:22:59.113000","18","False","False","0.14"
"3","3","Aerith Rescue Mission","fin","Near Mint","English","","","2026-07-08 23:22:59.113000","5","False","False","0.04"
"1","1","Aeromoeba","mh2","Near Mint","English","","","2026-07-08 23:22:59.113000","37","False","False","0.13"
"1","1","Aeromunculus","rna","Near Mint","English","","","2026-07-08 23:22:59.113000","152","False","False","0.12"
"1","1","Aether Syphon","dft","Near Mint","English","foil","","2026-07-08 23:22:59.113000","38","False","False","0.31"
"1","1","Aetherflux Conduit","drc","Near Mint","English","","","2026-07-08 23:22:59.113000","17","False","False","0.31"
"1","1","Aetheric Amplifier","drc","Near Mint","English","","","2026-07-08 23:22:59.113000","18","False","False","0.66"
"2","2","Aetherize","fdn","Near Mint","English","","","2026-07-08 23:22:59.113000","151","False","False","0.42"
"1","1","Aetherjacket","dft","Near Mint","English","foil","","2026-07-08 23:22:59.113000","230","False","False","0.20"
"2","2","Aetherjacket","dft","Near Mint","English","","","2026-07-08 23:22:59.113000","230","False","False","0.17"
"3","3","Aetherjacket","dft","Near Mint","English","","","2026-07-08 23:22:59.113000","230","False","False","0.17"
"1","1","Aettir and Priwen","fin","Near Mint","English","","","2026-07-08 23:22:59.113000","253","False","False","4.23"
"3","3","Affectionate Indrik","fdn","Near Mint","English","","","2026-07-08 23:22:59.113000","211","False","False","0.03"
"2","2","Afterburner Expert","dft","Near Mint","English","foil","","2026-07-08 23:22:59.113000","150","False","False","0.15"
"1","1","Afterburner Expert","dft","Near Mint","English","","","2026-07-08 23:22:59.113000","150","False","False","0.11"
"1","1","Agate Assault","blb","Near Mint","English","foil","","2026-07-08 23:22:59.113000","122","False","False","0.22"
"5","5","Agate Assault","blb","Near Mint","English","","","2026-07-08 23:22:59.113000","122","False","False","0.09"
"1","1","Agate-Blade Assassin","blb","Near Mint","English","foil","","2026-07-08 23:22:59.113000","82","False","False","0.26"
"4","4","Agate-Blade Assassin","blb","Near Mint","English","","","2026-07-08 23:22:59.113000","82","False","False","0.07"
"1","1","Agent 13, Sharon Carter","msh","Near Mint","English","","","2026-07-08 23:22:59.113000","1","False","False","0.19"
"1","1","Agent 13, Sharon Carter","msh","Near Mint","English","foil","","2026-07-08 23:22:59.113000","1","False","False","0.26"
"1","1","Agent Frank Horrigan","pip","Near Mint","English","","","2026-07-08 23:22:59.113000","89","False","False","6.67"
"1","1","Agent of Atlas","msh","Near Mint","English","","","2026-07-08 23:22:59.113000","3","False","False","0.10"
"1","1","Agent of Atlas","msh","Near Mint","English","foil","","2026-07-08 23:22:59.113000","3","False","False","0.28"
"2","2","Agent of Kotis","tdm","Near Mint","English","","","2026-07-08 23:22:59.113000","36","False","False","0.05"
"1","1","Agent of Kotis","tdm","Near Mint","English","foil","","2026-07-08 23:22:59.113000","36","False","False","0.10"
"1","1","Agent Phil Coulson","msh","Near Mint","English","","","2026-07-08 23:22:59.113000","4","False","False","0.20"
"1","1","Agent Phil Coulson","msh","Near Mint","English","foil","","2026-07-08 23:22:59.113000","4","False","False","0.69"
"1","1","Agents of HYDRA","msh","Near Mint","English","foil","","2026-07-08 23:22:59.113000","85","False","False","0.42"
"1","1","Agents of S.H.I.E.L.D.","msh","Near Mint","English","","","2026-07-08 23:22:59.113000","5","False","False","0.18"
"1","1","Aggressive Biomancy","m3c","Near Mint","English","","","2026-07-08 23:22:59.113000","121","False","False","0.32"
"1","1","Aggressive Negotiations","tdm","Near Mint","English","","","2026-07-08 23:22:59.113000","70","False","False","0.07"
"3","3","Aggressive Negotiations","tdm","Near Mint","English","","","2026-07-08 23:22:59.113000","70","False","False","0.06"
"2","2","Agna Qel'a","tla","Near Mint","English","","","2026-07-08 23:22:59.113000","264","False","False","0.84"
"1","1","Agonasaur Rex","dft","Near Mint","English","foil","","2026-07-08 23:22:59.113000","151","False","False","0.96"
"2","2","Ahriman","fin","Near Mint","English","","","2026-07-08 23:22:59.113000","87","False","False","0.07"
"3","3","Ainok Wayfarer","tdm","Near Mint","English","","","2026-07-08 23:22:59.113000","134","False","False","0.20"
"1","1","Air Nomad Legacy","tla","Near Mint","English","","","2026-07-08 23:22:59.113000","206","False","False","0.12"
"1","1","Air Response Unit","dft","Near Mint","English","","","2026-07-08 23:22:59.113000","1","False","False","0.11"
"1","1","Air Response Unit","dft","Near Mint","English","","","2026-07-08 23:22:59.113000","1","False","False","0.11"
"1","1","Air Response Unit","dft","Near Mint","English","foil","","2026-07-08 23:22:59.113000","292","False","False","0.17"
"1","1","Airbender's Reversal","tla","Near Mint","English","","","2026-07-08 23:22:59.113000","7","False","False","0.10"
"5","5","Airbending Lesson","tla","Near Mint","English","","","2026-07-08 23:22:59.113000","8","False","False","0.12"
"3","3","Airship Crash","fin","Near Mint","English","","","2026-07-08 23:22:59.113000","171","False","False","0.04"
"2","2","Airship Crash","fin","Near Mint","English","","","2026-07-08 23:22:59.113000","171","False","False","0.14"
"1","1","Airship Engine Room","tla","Near Mint","English","","","2026-07-08 23:22:59.113000","265","False","False","0.07"
"1","1","Ajani, Caller of the Pride","fdn","Near Mint","English","","","2026-07-08 23:22:59.113000","134","False","False","0.85"
"1","1","Ajani's Pridemate","fdn","Near Mint","English","","","2026-07-08 23:22:59.113000","293","False","False","0.17"
"2","2","Ajani's Pridemate","fdn","Near Mint","English","","","2026-07-08 23:22:59.113000","135","False","False","0.11"
"1","1","Ajani's Response","sos","Near Mint","English","foil","","2026-07-08 23:22:59.113000","6","False","False","0.20"
"2","2","Ajani's Response","sos","Near Mint","English","","","2026-07-08 23:22:59.113000","6","False","False","0.13"
"2","2","Akoum Hellhound","znr","Near Mint","English","","","2026-07-08 23:22:59.113000","133","False","False","0.16"
"2","2","Akoum Hellhound","znr","Near Mint","English","","","2026-07-08 23:22:59.113000","299","False","False","0.17"
"4","4","Al Bhed Salvagers","fin","Near Mint","English","","","2026-07-08 23:22:59.113000","88","False","False","0.28"
"1","1","Alacrian Jaguar","dft","Near Mint","English","","","2026-07-08 23:22:59.113000","152","False","False","0.09"
"1","1","Alacrian Jaguar","dft","Near Mint","English","","","2026-07-08 23:22:59.113000","152","False","False","0.09"
"1","1","Alania, Divergent Storm","blb","Near Mint","English","","","2026-07-08 23:22:59.113000","204","False","False","0.32"
"1","1","Alania's Pathmaker","blb","Near Mint","English","foil","","2026-07-08 23:22:59.113000","123","False","False","0.23"
"5","5","Alania's Pathmaker","blb","Near Mint","English","","","2026-07-08 23:22:59.113000","123","False","False","0.10"
"2","2","Alchemist's Assistant","tdm","Near Mint","English","","","2026-07-08 23:22:59.113000","71","False","False","0.12"
"1","1","Alchemist's Assistant","tdm","Near Mint","English","","","2026-07-08 23:22:59.113000","71","False","False","0.11"
"1","1","Alchemist's Greeting","inr","Near Mint","English","","","2026-07-08 23:22:59.113000","140","False","False","0.15"
"1","1","Alchemist's Refuge","soc","Near Mint","English","","","2026-07-08 23:22:59.113000","360","False","False","0.33"
"2","2","Alesha's Legacy","tdm","Near Mint","English","","","2026-07-08 23:22:59.113000","72","False","False","0.27"
"1","1","Alibou, Ancient Witness","eoc","Near Mint","English","","","2026-07-08 23:22:59.113000","113","False","False","0.24"
"1","1","Alien Symbiosis","spm","Near Mint","English","","","2026-07-08 23:22:59.113000","50","False","False","0.08"
"1","1","All Will Be One","one","Near Mint","English","","","2026-07-08 23:22:59.113000","118","False","False","19.75"
"1","1","All-Fates Scroll","eoe","Near Mint","English","","","2026-07-08 23:22:59.113000","234","False","False","0.21"
"1","1","All-Fates Scroll","eoe","Near Mint","English","","","2026-07-08 23:22:59.113000","234","False","False","0.29"
"2","2","All-Fates Scroll","eoe","Near Mint","English","","","2026-07-08 23:22:59.113000","234","False","False","0.32"
"2","2","All-Fates Stalker","eoe","Near Mint","English","","","2026-07-08 23:22:59.113000","3","False","False","0.06"
"1","1","All-Fates Stalker","eoe","Near Mint","English","","","2026-07-08 23:22:59.113000","3","False","False","0.07"
"5","5","Allies at Last","tla","Near Mint","English","","","2026-07-08 23:22:59.113000","164","False","False","0.14"
"1","1","All-Out Assault","tdm","Near Mint","English","foil","","2026-07-08 23:22:59.113000","352","False","False","3.33"
"1","1","Alpharael, Dreaming Acolyte","eoe","Near Mint","English","","","2026-07-08 23:22:59.113000","212","False","False","0.07"
"2","2","Alpharael, Dreaming Acolyte","eoe","Near Mint","English","","","2026-07-08 23:22:59.113000","212","False","False","0.07"
"1","1","Alpharael, Dreaming Acolyte","eoe","Near Mint","English","","","2026-07-08 23:22:59.113000","212","False","False","0.46"
"2","2","Alpharael, Stonechosen","eoe","Near Mint","English","","","2026-07-08 23:22:59.113000","292","False","False","1.45"
"1","1","Altered Ego","soc","Near Mint","English","","","2026-07-08 23:22:59.113000","292","False","False","0.24"
"1","1","Altered Ego","fic","Near Mint","English","","","2026-07-08 23:22:59.113000","317","False","False","0.25"
"1","1","Ambitious Augmenter","sos","Near Mint","English","","","2026-07-08 23:22:59.113000","140","False","False","0.27"
"2","2","Ambrosia Whiteheart","fin","Near Mint","English","","","2026-07-08 23:22:59.113000","6","False","False","0.09"
"1","1","Ambush Viper","inr","Near Mint","English","","","2026-07-08 23:22:59.113000","186","False","False","0.08"
"5","5","Ambush Wolf","fdn","Near Mint","English","","","2026-07-08 23:22:59.113000","98","False","False","0.04"
"1","1","Amonkhet Raceway","dft","Near Mint","English","foil","","2026-07-08 23:22:59.113000","248","False","False","0.37"
"1","1","Amonkhet Raceway","dft","Near Mint","English","","","2026-07-08 23:22:59.113000","248","False","False","0.35"
"1","1","Amonkhet Raceway","dft","Near Mint","English","","","2026-07-08 23:22:59.113000","248","False","False","0.35"
"1","1","Amplifire","rna","Near Mint","English","foil","","2026-07-08 23:22:59.113000","92","False","False","0.36"
"2","2","An Offer You Can't Refuse","fdn","Near Mint","English","","","2026-07-08 23:22:59.113000","160","False","False","4.69"
"1","1","An Offer You Can't Refuse","snc","Near Mint","English","foil","","2026-07-08 23:22:59.113000","51","False","False","2.57"
"1","1","An Offer You Can't Refuse","fic","Near Mint","English","","","2026-07-08 23:22:59.113000","267","False","False","2.27"
"1","1","An Offer You Can't Refuse","blc","Near Mint","English","","","2026-07-08 23:22:59.113000","170","False","False","1.65"
"1","1","Anafenza, Unyielding Lineage","tdm","Near Mint","English","","","2026-07-08 23:22:59.113000","2","False","False","0.27"
"1","1","Anafenza, Unyielding Lineage","tdm","Near Mint","English","","","2026-07-08 23:22:59.113000","2","False","False","0.27"
"1","1","Ancestral Anger","sos","Near Mint","English","","","2026-07-08 23:22:59.113000","106","False","False","0.22"
"1","1","Ancestral Blade","cmm","Near Mint","English","","","2026-07-08 23:22:59.113000","12","False","False","0.06"
"1","1","Ancient Adamantoise","fin","Near Mint","English","","","2026-07-08 23:22:59.113000","172","False","False","2.09"
"1","1","Ancient Den","eoc","Near Mint","English","","","2026-07-08 23:22:59.113000","148","False","False","0.94"
"2","2","Angel of Finality","fdn","Near Mint","English","","","2026-07-08 23:22:59.113000","136","False","False","0.12"
"1","1","Angel of the Ruins","eoc","Near Mint","English","","","2026-07-08 23:22:59.113000","63","False","False","0.14"
"1","1","Angel of Vitality","fdn","Near Mint","English","foil","","2026-07-08 23:22:59.113000","706","False","False","0.36"
"1","1","Angelheart Protector","znr","Near Mint","English","","","2026-07-08 23:22:59.113000","3","False","False","0.09"
"1","1","Angelic Destiny","fdn","Near Mint","English","","","2026-07-08 23:22:59.113000","565","False","False","1.22"
"1","1","Angelic Exaltation","rvr","Near Mint","English","","","2026-07-08 23:22:59.113000","2","False","False","0.19"
"1","1","Angel's Tomb","inr","Near Mint","English","","","2026-07-08 23:22:59.113000","253","False","False","0.15"
"3","3","Angry Rabble","spm","Near Mint","English","","","2026-07-08 23:22:59.113000","75","False","False","0.05"
"2","2","Anguished Unmaking","soc","Near Mint","English","","","2026-07-08 23:22:59.113000","293","False","False","0.79"
"1","1","Animal Attendant","tle","Near Mint","English","","","2026-07-08 23:22:59.113000","128","False","False","2.12"
"1","1","Animal Sanctuary","m21","Near Mint","English","","","2026-07-08 23:22:59.113000","242","False","False","2.50"
"1","1","Animar, Soul of Elements","a25","Near Mint","English","","","2026-07-08 23:22:59.113000","196","False","False","36.22"
"1","1","Animist's Awakening","soc","Near Mint","English","","","2026-07-08 23:22:59.113000","261","False","False","0.58"
"4","4","Annul","eoe","Near Mint","English","","","2026-07-08 23:22:59.113000","46","False","False","0.30"
"2","2","Annul","eoe","Near Mint","English","","","2026-07-08 23:22:59.113000","46","False","False","0.30"
"1","1","Anthem of Champions","mar","Near Mint","English","foil","","2026-07-08 23:22:59.113000","85","False","False","3.49"
"1","1","Anticausal Vestige","eoe","Near Mint","English","foil","","2026-07-08 23:22:59.113000","357","False","False","22.61"
"1","1","Anticausal Vestige","eoe","Near Mint","English","","","2026-07-08 23:22:59.113000","1","False","False","1.72"
"1","1","Anticausal Vestige","eoe","Near Mint","English","","","2026-07-08 23:22:59.113000","1","False","False","1.59"
"2","2","Anticognition","znr","Near Mint","English","","","2026-07-08 23:22:59.113000","45","False","False","0.15"
"2","2","Ant-Man, Colony Commander","msh","Near Mint","English","","","2026-07-08 23:22:59.113000","201","False","False","0.25"
"1","1","Ant-Man's Army","msh","Near Mint","English","","","2026-07-08 23:22:59.113000","161","False","False","0.24"
"1","1","Apex Devastator","m3c","Near Mint","English","","","2026-07-08 23:22:59.113000","220","False","False","2.93"
"1","1","Apocalypse Runner","dft","Near Mint","English","foil","","2026-07-08 23:22:59.113000","188","False","False","0.14"
"1","1","Apocalypse Runner","dft","Near Mint","English","","","2026-07-08 23:22:59.113000","188","False","False","0.09"
"1","1","Apocalypse Runner","dft","Near Mint","English","","","2026-07-08 23:22:59.113000","188","False","False","0.09"
"4","4","Apothecary Stomper","fdn","Near Mint","English","","","2026-07-08 23:22:59.113000","99","False","False","0.03"
"1","1","Appa, Loyal Sky Bison","tla","Near Mint","English","","","2026-07-08 23:22:59.113000","9","False","False","0.16"
"1","1","Appa, the Vigilant","tle","Near Mint","English","foil","","2026-07-08 23:22:59.113000","62","False","False","3.38"
"4","4","Appeal to Eirdu","ecl","Near Mint","English","","","2026-07-08 23:22:59.113000","5","False","False","0.07"
"1","1","Applied Geometry","sos","Near Mint","English","","","2026-07-08 23:22:59.113000","172","False","False","0.29"
"5","5","Aquitect's Defenses","ecl","Near Mint","English","","","2026-07-08 23:22:59.113000","44","False","False","0.12"
"1","1","Arachne, Psionic Weaver","spm","Near Mint","English","","","2026-07-08 23:22:59.113000","2","False","False","0.28"
"1","1","Aragorn, King of Gondor","ltc","Near Mint","English","foil","","2026-07-08 23:22:59.113000","5","False","False","0.45"
"1","1","Arashin Sunshield","tdm","Near Mint","English","","","2026-07-08 23:22:59.113000","3","False","False","0.12"
"2","2","Arashin Sunshield","tdm","Near Mint","English","","","2026-07-08 23:22:59.113000","3","False","False","0.11"
"1","1","Arashin Sunshield","tdm","Near Mint","English","","","2026-07-08 23:22:59.113000","3","False","False","0.11"
"2","2","Arashin Sunshield","tdm","Near Mint","English","","","2026-07-08 23:22:59.113000","3","False","False","0.11"
"2","2","Arbiter of Woe","fdn","Near Mint","English","","","2026-07-08 23:22:59.113000","55","False","False","0.06"
"1","1","Arc Spitter","snc","Near Mint","English","foil","","2026-07-08 23:22:59.113000","233","False","False","0.15"
"1","1","Arcane Denial","m3c","Near Mint","English","","","2026-07-08 23:22:59.113000","176","False","False","2.34"
"1","1","Arcane Epiphany","fdn","Near Mint","English","","","2026-07-08 23:22:59.113000","29","False","False","0.07"
"1","1","Arcane Omens","sos","Near Mint","English","","","2026-07-08 23:22:59.113000","73","False","False","0.10"
"1","1","Arcane Signet","fdc","Near Mint","English","foil","","2026-07-08 23:22:59.113000","1","False","False","0.62"
"1","1","Arcane Signet","fic","Near Mint","English","","","2026-07-08 23:22:59.113000","334","False","False","0.71"
"1","1","Arcane Signet","soc","Near Mint","English","","","2026-07-08 23:22:59.113000","127","False","False","0.40"
"1","1","Arcane Signet","eoc","Near Mint","English","","","2026-07-08 23:22:59.113000","53","False","False","0.44"
"1","1","Arcane Signet","soc","Near Mint","English","","","2026-07-08 23:22:59.113000","127","False","False","0.40"
"1","1","Arcane Signet","blc","Near Mint","English","","","2026-07-08 23:22:59.113000","127","False","False","0.41"
"1","1","Arcane Signet","sld","Near Mint","English","","","2026-07-08 23:22:59.113000","2538","False","False","10.26"
"1","1","Arcane Signet","m3c","Near Mint","English","","","2026-07-08 23:22:59.113000","283","False","False","0.54"
"3","3","Arcane Signet","m3c","Near Mint","English","","","2026-07-08 23:22:59.113000","283","False","False","0.62"
"1","1","Arcanis the Omnipotent","fdn","Near Mint","English","","","2026-07-08 23:22:59.113000","585","False","False","0.24"
"1","1","Arcbound Condor","mh3","Near Mint","English","","","2026-07-08 23:22:59.113000","81","False","False","0.18"
"1","1","Arcbound Javelineer","mh2","Near Mint","English","","","2026-07-08 23:22:59.113000","2","False","False","0.21"
"2","2","Arcbound Slasher","mh2","Near Mint","English","","","2026-07-08 23:22:59.113000","111","False","False","0.16"
"2","2","Arcbound Tracker","mh2","Near Mint","English","","","2026-07-08 23:22:59.113000","112","False","False","0.22"
"1","1","Archaeomancer","spg","Near Mint","English","","","2026-07-08 23:22:59.113000","149","False","False","3.56"
"1","1","Archaeomancer's Map","soc","Near Mint","English","","","2026-07-08 23:22:59.113000","136","False","False","1.45"
"1","1","Archaic's Agony","sos","Near Mint","English","","","2026-07-08 23:22:59.113000","107","False","False","0.09"
"1","1","Archangel of Thune","mar","Near Mint","English","","","2026-07-08 23:22:59.113000","41","False","False","24.52"
"1","1","Archenemy's Charm","eoe","Near Mint","English","","","2026-07-08 23:22:59.113000","88","False","False","0.68"
"1","1","Archmage of Runes","fdn","Near Mint","English","","","2026-07-08 23:22:59.113000","30","False","False","4.27"
"1","1","Archway Angel","fdn","Near Mint","English","","","2026-07-08 23:22:59.113000","566","False","False","0.14"
"1","1","Archway Angel","fdn","Near Mint","English","","","2026-07-08 23:22:59.113000","566","False","False","0.12"
"1","1","Archway of Innovation","mh3","Near Mint","English","","","2026-07-08 23:22:59.113000","214","False","False","0.73"
"1","1","Ardent Electromancer","znr","Near Mint","English","","","2026-07-08 23:22:59.113000","135","False","False","0.06"
"1","1","Arena of the Ancients","chr","Near Mint","English","","","2026-07-08 23:22:59.113000","91","False","False","4.18"
"1","1","Arixmethes, Slumbering Isle","mul","Near Mint","English","","","2026-07-08 23:22:59.113000","32","False","False","0.86"
"1","1","Ark of Hunger","sos","Near Mint","English","foil","","2026-07-08 23:22:59.113000","173","False","False","0.59"
"2","2","Ark of Hunger","sos","Near Mint","English","","","2026-07-08 23:22:59.113000","173","False","False","0.36"
"1","1","Armament Dragon","tdm","Near Mint","English","","","2026-07-08 23:22:59.113000","168","False","False","0.20"
"3","3","Armasaur Guide","fdn","Near Mint","English","","","2026-07-08 23:22:59.113000","3","False","False","0.03"
"1","1","Arnim Zola, Bio-Fanatic","msh","Near Mint","English","foil","","2026-07-08 23:22:59.113000","86","False","False","0.32"
"1","1","Arnim Zola, Bio-Fanatic","msh","Near Mint","English","foil","","2026-07-08 23:22:59.113000","319","False","False","0.19"
"1","1","Arrester's Admonition","rna","Near Mint","English","","","2026-07-08 23:22:59.113000","31","False","False","0.07"
"1","1","Arthur, Marigold Knight","blc","Near Mint","English","foil","","2026-07-08 23:22:59.113000","5","False","False","0.36"
"1","1","Artist's Talent","blb","Near Mint","English","","","2026-07-08 23:22:59.113000","124","False","False","6.15"
"1","1","Ascendant Dustspeaker","sos","Near Mint","English","","","2026-07-08 23:22:59.113000","8","False","False","0.08"
"1","1","Asgardian Citadel","msh","Near Mint","English","","","2026-07-08 23:22:59.113000","258","False","False","0.20"
"1","1","Ash Barrens","fic","Near Mint","English","","","2026-07-08 23:22:59.113000","374","False","False","0.36"
"1","1","Ashaya, Soul of the Wild","dsc","Near Mint","English","","","2026-07-08 23:22:59.113000","170","False","False","16.08"
"2","2","Ashe, Princess of Dalmasca","fin","Near Mint","English","","","2026-07-08 23:22:59.113000","7","False","False","0.09"
"1","1","Ashling, Rekindled // Ashling, Rimebound","ecl","Near Mint","English","","","2026-07-08 23:22:59.113000","124","False","False","1.12"
"1","1","Ashling's Command","ecl","Near Mint","English","","","2026-07-08 23:22:59.113000","205","False","False","0.36"
"1","1","Assassin's Trophy","soc","Near Mint","English","","","2026-07-08 23:22:59.113000","294","False","False","0.63"
"3","3","Assert Perfection","ecl","Near Mint","English","","","2026-07-08 23:22:59.113000","164","False","False","0.08"
"1","1","Astelli Reclaimer","eoe","Near Mint","English","","","2026-07-08 23:22:59.113000","4","False","False","0.37"
"1","1","Astelli Reclaimer","eoe","Near Mint","English","","","2026-07-08 23:22:59.113000","4","False","False","0.29"
"1","1","Astral Cornucopia","soc","Near Mint","English","","","2026-07-08 23:22:59.113000","342","False","False","0.29"
"1","1","Astral Cornucopia","eoc","Near Mint","English","","","2026-07-08 23:22:59.113000","131","False","False","0.18"
"1","1","Astrologian's Planisphere","fin","Near Mint","English","","","2026-07-08 23:22:59.113000","46","False","False","0.32"
"2","2","Atlantean Cavalry","msh","Near Mint","English","foil","","2026-07-08 23:22:59.113000","45","False","False","0.31"
"1","1","Atmospheric Greenhouse","eoe","Near Mint","English","","","2026-07-08 23:22:59.113000","171","False","False","0.17"
"1","1","Atmospheric Greenhouse","eoe","Near Mint","English","","","2026-07-08 23:22:59.113000","171","False","False","0.21"
"1","1","Atomic Microsizer","eoe","Near Mint","English","","","2026-07-08 23:22:59.113000","47","False","False","0.08"
"1","1","Atomic Microsizer","eoe","Near Mint","English","","","2026-07-08 23:22:59.113000","47","False","False","0.09"
"1","1","Atomic Microsizer","eoe","Near Mint","English","foil","","2026-07-08 23:22:59.113000","47","False","False","0.11"
"1","1","Atreus, Impulsive Son","sld","Near Mint","English","foil","","2026-07-08 23:22:59.113000","2212","False","False","4.60"
"2","2","Attuma, Atlantean Warlord","msh","Near Mint","English","foil","","2026-07-08 23:22:59.113000","47","False","False","0.56"
"2","2","Attuned Hunter","tdm","Near Mint","English","","","2026-07-08 23:22:59.113000","135","False","False","0.10"
"6","6","Auntie's Sentence","ecl","Near Mint","English","","","2026-07-08 23:22:59.113000","85","False","False","0.14"
"1","1","Aurelia, the Warleader","fdn","Near Mint","English","","","2026-07-08 23:22:59.113000","651","False","False","11.40"
"1","1","Aurelia, the Warleader","mar","Near Mint","English","","","2026-07-08 23:22:59.113000","86","False","False","6.86"
"1","1","Auron, Venerated Guardian","fic","Near Mint","English","","","2026-07-08 23:22:59.113000","10","False","False","0.29"
"1","1","Auron's Inspiration","fin","Near Mint","English","","","2026-07-08 23:22:59.113000","8","False","False","0.04"
"1","1","Auroral Procession","tdm","Near Mint","English","","","2026-07-08 23:22:59.113000","169","False","False","0.38"
"1","1","Auroral Procession","tdm","Near Mint","English","","","2026-07-08 23:22:59.113000","169","False","False","0.36"
"1","1","Autarch Mammoth","dft","Near Mint","English","","","2026-07-08 23:22:59.113000","153","False","False","0.09"
"1","1","Autarch Mammoth","dft","Near Mint","English","","","2026-07-08 23:22:59.113000","153","False","False","0.09"
"3","3","Auxiliary Boosters","eoe","Near Mint","English","","","2026-07-08 23:22:59.113000","5","False","False","0.07"
"6","6","Auxiliary Boosters","eoe","Near Mint","English","","","2026-07-08 23:22:59.113000","5","False","False","0.08"
"4","4","Avacynian Priest","inr","Near Mint","English","","","2026-07-08 23:22:59.113000","12","False","False","0.03"
"1","1","Avatar Aang // Aang, Master of Elements","tla","Near Mint","English","","","2026-07-08 23:22:59.113000","308","False","False","25.19"
"3","3","Avatar Enthusiasts","tla","Near Mint","English","","","2026-07-08 23:22:59.113000","11","False","False","0.03"
"2","2","Avatar's Wrath","tla","Near Mint","English","","","2026-07-08 23:22:59.113000","12","False","False","5.24"
"1","1","Aven Courier","ncc","Near Mint","English","","","2026-07-08 23:22:59.113000","22","False","False","2.25"
"1","1","Avenger of the Fallen","tdm","Near Mint","English","","","2026-07-08 23:22:59.113000","73","False","False","0.53"
"1","1","Avenger of the Fallen","tdm","Near Mint","English","","","2026-07-08 23:22:59.113000","73","False","False","0.56"
"1","1","Avenger of Zendikar","m3c","Near Mint","English","","","2026-07-08 23:22:59.113000","221","False","False","0.45"
"1","1","Avengers Assemble!","msh","Near Mint","English","foil","","2026-07-08 23:22:59.113000","341","False","False","20.48"
"2","2","Avengers Hangar","msh","Near Mint","English","foil","","2026-07-08 23:22:59.113000","259","False","False","0.23"
"1","1","Avengers Tower","msh","Near Mint","English","foil","","2026-07-08 23:22:59.113000","334","False","False","0.42"
"1","1","Avengers: Under Siege","msh","Near Mint","English","","","2026-07-08 23:22:59.113000","205","False","False","0.35"
"1","1","Avengers: Under Siege","msh","Near Mint","English","","","2026-07-08 23:22:59.113000","306","False","False","2.34"
"1","1","Avengers: Under Siege","msh","Near Mint","English","foil","","2026-07-08 23:22:59.113000","205","False","False","3.62"
"1","1","Avenging Angel","tmp","Near Mint","English","","","2026-07-08 23:22:59.113000","7","False","False","1.82"
"1","1","Avishkar Raceway","dft","Near Mint","English","foil","","2026-07-08 23:22:59.113000","249","False","False","0.28"
"2","2","Avishkar Raceway","dft","Near Mint","English","","","2026-07-08 23:22:59.113000","249","False","False","0.15"
"2","2","Avishkar Raceway","dft","Near Mint","English","","","2026-07-08 23:22:59.113000","249","False","False","0.15"
"1","1","Awaken the Honored Dead","tdm","Near Mint","English","","","2026-07-08 23:22:59.113000","170","False","False","0.35"
"1","1","Awaken the Woods","bro","Near Mint","English","","","2026-07-08 23:22:59.113000","170","False","False","19.02"
"1","1","Awakening Zone","soc","Near Mint","English","","","2026-07-08 23:22:59.113000","262","False","False","0.38"
"5","5","Axgard Cavalry","fdn","Near Mint","English","","","2026-07-08 23:22:59.113000","189","False","False","0.02"
"1","1","Ayli, Eternal Pilgrim","fdn","Near Mint","English","","","2026-07-08 23:22:59.113000","652","False","False","0.26"
"1","1","Aziza, Mage Tower Captain","sos","Near Mint","English","foil","","2026-07-08 23:22:59.113000","174","False","False","0.32"
"2","2","Azorius Guildgate","rna","Near Mint","English","","","2026-07-08 23:22:59.113000","243","False","False","0.13"
"1","1","Azorius Guildgate","rna","Near Mint","English","","","2026-07-08 23:22:59.113000","244","False","False","0.16"
"1","1","Azorius Guildgate","fdn","Near Mint","English","","","2026-07-08 23:22:59.113000","683","False","False","0.16"
"2","2","Azorius Knight-Arbiter","rna","Near Mint","English","","","2026-07-08 23:22:59.113000","154","False","False","0.08"
"1","1","Azorius Locket","voc","Near Mint","English","","","2026-07-08 23:22:59.113000","160","False","False","0.21"
"1","1","Azorius Skyguard","rna","Near Mint","English","","","2026-07-08 23:22:59.113000","155","False","False","0.10"
"4","4","Azula Always Lies","tla","Near Mint","English","","","2026-07-08 23:22:59.113000","84","False","False","0.08"
"1","1","Azula, Cunning Usurper","tla","Near Mint","English","","","2026-07-08 23:22:59.113000","208","False","False","0.35"
"1","1","Azula, On the Hunt","tla","Near Mint","English","","","2026-07-08 23:22:59.113000","85","False","False","0.08"
"1","1","Azula, On the Hunt","tla","Near Mint","English","foil","","2026-07-08 23:22:59.113000","85","False","False","0.18"
"1","1","Azure Beastbinder","blb","Near Mint","English","","","2026-07-08 23:22:59.113000","41","False","False","0.53"
"1","1","Azure Fleet Admiral","lcc","Near Mint","English","","","2026-07-08 23:22:59.113000","144","False","False","0.18"
"2","2","Ba Sing Se","tla","Near Mint","English","","","2026-07-08 23:22:59.113000","266","False","False","4.42"
"1","1","Baboon Spirit","tle","Near Mint","English","","","2026-07-08 23:22:59.113000","89","False","False",""
"1","1","Back on Track","dft","Near Mint","English","","","2026-07-08 23:22:59.113000","76","False","False","0.10"
"1","1","Back on Track","dft","Near Mint","English","","","2026-07-08 23:22:59.113000","76","False","False","0.10"
"5","5","Badgermole","tla","Near Mint","English","","","2026-07-08 23:22:59.113000","166","False","False","0.10"
"1","1","Badgermole Cub","tla","Near Mint","English","","","2026-07-08 23:22:59.113000","167","False","False","47.08"
"2","2","Bagel and Schmear","spm","Near Mint","English","","","2026-07-08 23:22:59.113000","161","False","False","0.06"
"1","1","Baird, Steward of Argive","blc","Near Mint","English","","","2026-07-08 23:22:59.113000","135","False","False","0.14"
"5","5","Bake into a Pie","fdn","Near Mint","English","","","2026-07-08 23:22:59.113000","169","False","False","0.09"
"1","1","Bakersbane Duo","blb","Near Mint","English","foil","","2026-07-08 23:22:59.113000","163","False","False","0.31"
"4","4","Bakersbane Duo","blb","Near Mint","English","","","2026-07-08 23:22:59.113000","163","False","False","0.04"
"1","1","Bala Ged Recovery // Bala Ged Sanctuary","znr","Near Mint","English","","","2026-07-08 23:22:59.113000","180","False","False","7.87"
"1","1","Bala Ged Recovery // Bala Ged Sanctuary","znr","Near Mint","English","foil","","2026-07-08 23:22:59.113000","180","False","False","9.17"
"2","2","Balamb T-Rexaur","fin","Near Mint","English","","","2026-07-08 23:22:59.113000","173","False","False","0.06"
"2","2","Baldur's Gate","clb","Near Mint","English","","","2026-07-08 23:22:59.113000","345","False","False","4.20"
"1","1","Balefire Dragon","cmm","Near Mint","English","","","2026-07-08 23:22:59.113000","207","False","False","17.58"
"1","1","Baleful Strix","blc","Near Mint","English","foil","","2026-07-08 23:22:59.113000","86","False","False","16.39"
"1","1","Ball Lightning","fdn","Near Mint","English","","","2026-07-08 23:22:59.113000","618","False","False","0.32"
"1","1","Ballyrush Banneret","fdn","Near Mint","English","","","2026-07-08 23:22:59.113000","567","False","False","0.15"
"1","1","Balmor, Battlemage Captain","fdn","Near Mint","English","","","2026-07-08 23:22:59.113000","237","False","False","0.15"
"2","2","Bandit's Talent","blb","Near Mint","English","","","2026-07-08 23:22:59.113000","83","False","False","0.38"
"1","1","Bane of Progress","fic","Near Mint","English","","","2026-07-08 23:22:59.113000","299","False","False","0.40"
"1","1","Banishing Light","eoe","Near Mint","English","","","2026-07-08 23:22:59.113000","6","False","False","0.21"
"3","3","Banishing Light","eoe","Near Mint","English","","","2026-07-08 23:22:59.113000","6","False","False","0.21"
"4","4","Banishing Light","eoe","Near Mint","English","","","2026-07-08 23:22:59.113000","6","False","False","0.22"
"5","5","Banishing Light","blb","Near Mint","English","","","2026-07-08 23:22:59.113000","1","False","False","0.09"
"1","1","Banishing Light","blb","Near Mint","English","foil","","2026-07-08 23:22:59.113000","1","False","False","0.27"
"5","5","Banishing Light","fdn","Near Mint","English","","","2026-07-08 23:22:59.113000","138","False","False","0.06"
"1","1","Banner of Kinship","fdn","Near Mint","English","","","2026-07-08 23:22:59.113000","127","False","False","6.43"
"1","1","Bannerhide Krushok","mh2","Near Mint","English","","","2026-07-08 23:22:59.113000","149","False","False","0.21"
"1","1","Banon, the Returners' Leader","fic","Near Mint","English","","","2026-07-08 23:22:59.113000","78","False","False","0.10"
"1","1","Bar the Gate","afr","Near Mint","English","","","2026-07-08 23:22:59.113000","47","False","False","0.22"
"6","6","Barbed Bloodletter","ecl","Near Mint","English","","","2026-07-08 23:22:59.113000","86","False","False","0.11"
"3","3","Bard's Bow","fin","Near Mint","English","","","2026-07-08 23:22:59.113000","174","False","False","0.04"
"3","3","Bark of Doran","ecl","Near Mint","English","","","2026-07-08 23:22:59.113000","6","False","False","0.19"
"4","4","Barkform Harvester","blb","Near Mint","English","","","2026-07-08 23:22:59.113000","243","False","False","0.20"
"1","1","Barkform Harvester","blb","Near Mint","English","foil","","2026-07-08 23:22:59.113000","243","False","False","0.34"
"1","1","Bark-Knuckle Boxer","blb","Near Mint","English","","","2026-07-08 23:22:59.113000","164","False","False","0.13"
"1","1","Bark-Knuckle Boxer","blb","Near Mint","English","foil","","2026-07-08 23:22:59.113000","164","False","False","0.27"
"1","1","Baron Sengir","hml","Near Mint","English","","","2026-07-08 23:22:59.113000","41","False","False","4.99"
"1","1","Baron Sengir","hml","Near Mint","English","","","2026-07-08 23:22:59.113000","41","False","False","5.34"
"1","1","Baron Strucker, HYDRA Overlord","msh","Near Mint","English","foil","","2026-07-08 23:22:59.113000","88","False","False","0.43"
"1","1","Baron Strucker, HYDRA Overlord","msh","Near Mint","English","foil","","2026-07-08 23:22:59.113000","315","False","False","0.24"
"1","1","Baron, Airship Kingdom","fin","Near Mint","English","","","2026-07-08 23:22:59.113000","273","False","False","0.22"
"6","6","Barrels of Blasting Jelly","tla","Near Mint","English","","","2026-07-08 23:22:59.113000","254","False","False","0.65"
"1","1","Barrensteppe Siege","tdm","Near Mint","English","","","2026-07-08 23:22:59.113000","384","False","False","0.42"
"1","1","Barrensteppe Siege","tdm","Near Mint","English","foil","","2026-07-08 23:22:59.113000","171","False","False","0.40"
"4","4","Barret Wallace","fin","Near Mint","English","","","2026-07-08 23:22:59.113000","129","False","False","0.08"
"1","1","Bartz and Boko","fin","Near Mint","English","","","2026-07-08 23:22:59.113000","175","False","False","0.23"
"2","2","Base Camp","znr","Near Mint","English","","","2026-07-08 23:22:59.113000","257","False","False","0.10"
"1","1","Basilisk Collar","fdn","Near Mint","English","","","2026-07-08 23:22:59.113000","669","False","False","3.49"
"1","1","Basilisk Gate","m3c","Near Mint","English","","","2026-07-08 23:22:59.113000","320","False","False","0.31"
"1","1","Battle Menu","fin","Near Mint","English","","","2026-07-08 23:22:59.113000","9","False","False","0.11"
"1","1","Battle Plan","mh2","Near Mint","English","","","2026-07-08 23:22:59.113000","114","False","False","0.13"
"1","1","Battlefield Forge","eoc","Near Mint","English","","","2026-07-08 23:22:59.113000","58","False","False","0.16"
"1","1","Battleground Geist","inr","Near Mint","English","","","2026-07-08 23:22:59.113000","53","False","False","0.02"
"2","2","Battlesong Berserker","fdn","Near Mint","English","","","2026-07-08 23:22:59.113000","78","False","False","0.05"
"2","2","Beamsaw Prospector","eoe","Near Mint","English","","","2026-07-08 23:22:59.113000","89","False","False","0.11"
"3","3","Beamsaw Prospector","eoe","Near Mint","English","","","2026-07-08 23:22:59.113000","89","False","False","0.16"
"1","1","Bearer of Glory","tdm","Near Mint","English","foil","","2026-07-08 23:22:59.113000","4","False","False","0.06"
"4","4","Bearer of Glory","tdm","Near Mint","English","","","2026-07-08 23:22:59.113000","4","False","False","0.04"
"2","2","Bearer of Glory","tdm","Near Mint","English","","","2026-07-08 23:22:59.113000","4","False","False","0.04"
"1","1","Bearer of Glory","tdm","Near Mint","English","","","2026-07-08 23:22:59.113000","4","False","False","0.04"
"1","1","Beast Within","soc","Near Mint","English","","","2026-07-08 23:22:59.113000","263","False","False","0.56"
"1","1","Beast Within","mar","Near Mint","English","","","2026-07-08 23:22:59.113000","75","False","False","5.55"
"1","1","Beast Within","m3c","Near Mint","English","","","2026-07-08 23:22:59.113000","223","False","False","0.60"
"3","3","Beast-Kin Ranger","fdn","Near Mint","English","","","2026-07-08 23:22:59.113000","100","False","False","0.04"
"1","1","Beastrider Vanguard","dft","Near Mint","English","","","2026-07-08 23:22:59.113000","154","False","False","0.21"
"1","1","Beastrider Vanguard","dft","Near Mint","English","foil","","2026-07-08 23:22:59.113000","154","False","False","0.18"
"2","2","Beastrider Vanguard","dft","Near Mint","English","","","2026-07-08 23:22:59.113000","154","False","False","0.21"
"1","1","Beatrix, Loyal General","fin","Near Mint","English","","","2026-07-08 23:22:59.113000","554","False","False","1.03"
"1","1","Beetle, Legacy Criminal","spm","Near Mint","English","","","2026-07-08 23:22:59.113000","26","False","False","0.04"
"3","3","Beetle-Headed Merchants","tla","Near Mint","English","","","2026-07-08 23:22:59.113000","86","False","False","0.03"
"1","1","Beifong's Bounty Hunters","tla","Near Mint","English","","","2026-07-08 23:22:59.113000","209","False","False","0.29"
"1","1","Beledros Witherbloom","soc","Near Mint","English","","","2026-07-08 23:22:59.113000","296","False","False","1.59"
"4","4","Bellowing Crier","blb","Near Mint","English","","","2026-07-08 23:22:59.113000","42","False","False","0.12"
"4","4","Bender's Waterskin","tla","Near Mint","English","","","2026-07-08 23:22:59.113000","255","False","False","0.59"
"1","1","Benevolent Hydra","soc","Near Mint","English","","","2026-07-08 23:22:59.113000","124","False","False","2.39"
"1","1","Benevolent River Spirit","tla","Near Mint","English","","","2026-07-08 23:22:59.113000","45","False","False","0.06"
"1","1","Benevolent River Spirit","tla","Near Mint","English","foil","","2026-07-08 23:22:59.113000","45","False","False","0.15"
"1","1","Benthic Biomancer","lcc","Near Mint","English","","","2026-07-08 23:22:59.113000","145","False","False","0.25"
"1","1","Berta, Wise Extrapolator","sos","Near Mint","English","","","2026-07-08 23:22:59.113000","175","False","False","0.29"
"1","1","Bestow Greatness","dft","Near Mint","English","foil","","2026-07-08 23:22:59.113000","155","False","False","0.22"
"1","1","Bestow Greatness","dft","Near Mint","English","","","2026-07-08 23:22:59.113000","155","False","False","0.15"
"1","1","Bestow Greatness","dft","Near Mint","English","","","2026-07-08 23:22:59.113000","155","False","False","0.15"
"1","1","Bewildering Blizzard","tdm","Near Mint","English","","","2026-07-08 23:22:59.113000","38","False","False","0.09"
"2","2","Bewildering Blizzard","tdm","Near Mint","English","","","2026-07-08 23:22:59.113000","38","False","False","0.09"
"2","2","Beyeen Veil // Beyeen Coast","znr","Near Mint","English","","","2026-07-08 23:22:59.113000","46","False","False","0.21"
"1","1","Beyond the Quiet","eoe","Near Mint","English","","","2026-07-08 23:22:59.113000","7","False","False","0.39"
"3","3","Biblioplex Tomekeeper","sos","Near Mint","English","","","2026-07-08 23:22:59.113000","247","False","False","0.11"
"1","1","Biblioplex Tomekeeper","sos","Near Mint","English","foil","","2026-07-08 23:22:59.113000","247","False","False","0.20"
"1","1","Big Score","soa","Near Mint","English","foil","","2026-07-08 23:22:59.113000","38","False","False","1.95"
"1","1","Big Score","msc","Near Mint","English","foil","","2026-07-08 23:22:59.113000","802","False","False","0.47"
"3","3","Bigfin Bouncer","fdn","Near Mint","English","","","2026-07-08 23:22:59.113000","31","False","False","0.03"
"3","3","Bile-Vial Boggart","ecl","Near Mint","English","","","2026-07-08 23:22:59.113000","87","False","False","0.20"
"1","1","Billowing Shriekmass","fdn","Near Mint","English","","","2026-07-08 23:22:59.113000","56","False","False","0.04"
"1","1","Bioengineered Future","eoe","Near Mint","English","foil","","2026-07-08 23:22:59.113000","172","False","False","0.32"
"1","1","Biogenic Upgrade","2x2","Near Mint","English","","","2026-07-08 23:22:59.113000","137","False","False","0.21"
"1","1","Biomass Mutation","soc","Near Mint","English","","","2026-07-08 23:22:59.113000","297","False","False","0.30"
"3","3","Biomechan Engineer","eoe","Near Mint","English","","","2026-07-08 23:22:59.113000","213","False","False","0.11"
"1","1","Biomechan Engineer","eoe","Near Mint","English","foil","","2026-07-08 23:22:59.113000","213","False","False","0.10"
"1","1","Biomechan Engineer","eoe","Near Mint","English","","","2026-07-08 23:22:59.113000","213","False","False","0.46"
"5","5","Biosynthic Burst","eoe","Near Mint","English","","","2026-07-08 23:22:59.113000","173","False","False","0.23"
"4","4","Biosynthic Burst","eoe","Near Mint","English","","","2026-07-08 23:22:59.113000","173","False","False","0.24"
"2","2","Biotech Specialist","eoe","Near Mint","English","","","2026-07-08 23:22:59.113000","214","False","False","0.31"
"1","1","Birds of Paradise","blc","Near Mint","English","","","2026-07-08 23:22:59.113000","81","False","False","16.57"
"1","1","Birnin Zana Plaza","msh","Near Mint","English","","","2026-07-08 23:22:59.113000","262","False","False","0.21"
"5","5","Bite Down","fdn","Near Mint","English","","","2026-07-08 23:22:59.113000","212","False","False","0.05"
"1","1","Bitter Work","tla","Near Mint","English","","","2026-07-08 23:22:59.113000","210","False","False","0.16"
"4","4","Black Mage's Rod","fin","Near Mint","English","","","2026-07-08 23:22:59.113000","90","False","False","0.13"
"2","2","Black Mage's Rod","fin","Near Mint","English","","","2026-07-08 23:22:59.113000","90","False","False","0.30"
"1","1","Black Panther, Vanguard","msh","Near Mint","English","foil","","2026-07-08 23:22:59.113000","207","False","False","0.30"
"1","1","Black Tom Cassidy","msc","Near Mint","English","foil","","2026-07-08 23:22:59.113000","715","False","False","2.59"
"1","1","Black Waltz No. 3","fin","Near Mint","English","","","2026-07-08 23:22:59.113000","214","False","False","0.32"
"1","1","Black Waltz No. 3","fin","Near Mint","English","","","2026-07-08 23:22:59.113000","214","False","False","0.27"
"1","1","Black Widow, Agile Avenger","msc","Near Mint","English","","","2026-07-08 23:22:59.113000","77","False","False","9.59"
"1","1","Black Widow, Double Agent","msh","Near Mint","English","foil","","2026-07-08 23:22:59.113000","208","False","False","1.02"
"2","2","Blacksmith's Skill","mh2","Near Mint","English","","","2026-07-08 23:22:59.113000","6","False","False","0.34"
"1","1","Blacksmith's Talent","blb","Near Mint","English","","","2026-07-08 23:22:59.113000","125","False","False","0.29"
"1","1","Blacksmith's Talent","blb","Near Mint","English","foil","","2026-07-08 23:22:59.113000","125","False","False","0.34"
"2","2","Blade Juggler","clu","Near Mint","English","","","2026-07-08 23:22:59.113000","106","False","False","0.10"
"3","3","Blade of the Swarm","eoe","Near Mint","English","","","2026-07-08 23:22:59.113000","90","False","False","0.05"
"2","2","Blade of the Swarm","eoe","Near Mint","English","","","2026-07-08 23:22:59.113000","90","False","False","0.05"
"1","1","Blade of the Swarm","eoe","Near Mint","English","","","2026-07-08 23:22:59.113000","90","False","False","0.05"
"2","2","Bladebrand","rvr","Near Mint","English","","","2026-07-08 23:22:59.113000","68","False","False","0.12"
"1","1","Bladestitched Skaab","inr","Near Mint","English","","","2026-07-08 23:22:59.113000","231","False","False","0.30"
"2","2","Blanchwood Armor","fdn","Near Mint","English","","","2026-07-08 23:22:59.113000","213","False","False","0.11"
"1","1","Blanket of Night","vis","Near Mint","English","","","2026-07-08 23:22:59.113000","52","False","False","1.15"
"1","1","Blasphemous Edict","fdn","Near Mint","English","","","2026-07-08 23:22:59.113000","317","False","False","5.84"
"1","1","Blast Zone","eos","Near Mint","English","","","2026-07-08 23:22:59.113000","2","False","False","0.49"
"1","1","Blast Zone","eos","Near Mint","English","","","2026-07-08 23:22:59.113000","47","False","False","3.05"
"1","1","Blast Zone","m3c","Near Mint","English","","","2026-07-08 23:22:59.113000","322","False","False","0.28"
"1","1","Blaze of Glory","2ed","Near Mint","English","","","2026-07-08 23:22:59.113000","6","False","False","99.72"
"3","3","Blazing Bomb","fin","Near Mint","English","","","2026-07-08 23:22:59.113000","130","False","False","0.04"
"1","1","Blazing Crescendo","msh","Near Mint","English","foil","","2026-07-08 23:22:59.113000","340","False","False","0.25"
"1","1","Blazing Firesinger // Seething Song","sos","Near Mint","English","","","2026-07-08 23:22:59.113000","109","False","False","0.46"
"1","1","Blazing Rootwalla","mh2","Near Mint","English","","","2026-07-08 23:22:59.113000","115","False","False","0.28"
"1","1","Bleachbone Verge","dft","Near Mint","English","","","2026-07-08 23:22:59.113000","371","False","False","10.81"
"1","1","Blech, Loafing Pest","sos","Near Mint","English","foil","","2026-07-08 23:22:59.113000","176","False","False","0.45"
"1","1","Blight Mound","soc","Near Mint","English","","","2026-07-08 23:22:59.113000","208","False","False","0.61"
"4","4","Blight Rot","ecl","Near Mint","English","","","2026-07-08 23:22:59.113000","89","False","False","0.20"
"4","4","Blighted Blackthorn","ecl","Near Mint","English","","","2026-07-08 23:22:59.113000","90","False","False","0.16"
"2","2","Blinkmoth Nexus","eos","Near Mint","English","","","2026-07-08 23:22:59.113000","3","False","False","0.70"
"3","3","Blitzball","fin","Near Mint","English","","","2026-07-08 23:22:59.113000","254","False","False","0.07"
"1","1","Blitzball","fin","Near Mint","English","","","2026-07-08 23:22:59.113000","254","False","False","0.27"
"3","3","Blitzball Shot","fin","Near Mint","English","","","2026-07-08 23:22:59.113000","176","False","False","0.07"
"1","1","Blitzball Stadium","fic","Near Mint","English","","","2026-07-08 23:22:59.113000","34","False","False","0.30"
"1","1","Blood Artist","soc","Near Mint","English","","","2026-07-08 23:22:59.113000","209","False","False","1.59"
"1","1","Blood Beckoning","znr","Near Mint","English","","","2026-07-08 23:22:59.113000","92","False","False","0.08"
"1","1","Blood Moon","a25","Near Mint","English","","","2026-07-08 23:22:59.113000","122","False","False","7.27"
"1","1","Blood Petal Celebrant","inr","Near Mint","English","","","2026-07-08 23:22:59.113000","144","False","False","0.03"
"1","1","Blood Price","znr","Near Mint","English","","","2026-07-08 23:22:59.113000","93","False","False","0.07"
"1","1","Bloodbraid Marauder","mh2","Near Mint","English","","","2026-07-08 23:22:59.113000","116","False","False","0.23"
"1","1","Bloodfell Caves","dft","Near Mint","English","","","2026-07-08 23:22:59.113000","251","False","False","0.13"
"3","3","Bloodfell Caves","tdm","Near Mint","English","","","2026-07-08 23:22:59.113000","250","False","False","0.18"
"1","1","Bloodfell Caves","tdm","Near Mint","English","foil","","2026-07-08 23:22:59.113000","250","False","False","0.31"
"1","1","Bloodfell Caves","tdm","Near Mint","English","foil","","2026-07-08 23:22:59.113000","250","False","False","0.29"
"1","1","Bloodfell Caves","tdm","Near Mint","English","","","2026-07-08 23:22:59.113000","250","False","False","0.19"
"1","1","Bloodfell Caves","dft","Near Mint","English","","","2026-07-08 23:22:59.113000","251","False","False","0.13"
"3","3","Bloodfell Caves","fdn","Near Mint","English","","","2026-07-08 23:22:59.113000","259","False","False","0.06"
"1","1","Bloodghast","dft","Near Mint","English","","","2026-07-08 23:22:59.113000","337","False","False","2.16"
"1","1","Bloodghast","dft","Near Mint","English","","","2026-07-08 23:22:59.113000","337","False","False","2.06"
"1","1","Bloodghast","soc","Near Mint","English","","","2026-07-08 23:22:59.113000","210","False","False","0.66"
"1","1","Bloodline Bidding","ecl","Near Mint","English","","","2026-07-08 23:22:59.113000","91","False","False","2.59"
"1","1","Bloodroot Apothecary","blc","Near Mint","English","","","2026-07-08 23:22:59.113000","27","False","False","0.65"
"1","1","Blooming Blast","blb","Near Mint","English","","","2026-07-08 23:22:59.113000","126","False","False","0.07"
"4","4","Blooming Stinger","eoe","Near Mint","English","","","2026-07-08 23:22:59.113000","174","False","False","0.18"
"1","1","Blooming Stinger","eoe","Near Mint","English","","","2026-07-08 23:22:59.113000","174","False","False","0.15"
"1","1","Bloomvine Regent // Claim Territory","tdm","Near Mint","English","","","2026-07-08 23:22:59.113000","136","False","False","1.37"
"4","4","Blossombind","ecl","Near Mint","English","","","2026-07-08 23:22:59.113000","45","False","False","0.11"
"1","1","Blossoming Bogbeast","soc","Near Mint","English","","","2026-07-08 23:22:59.113000","264","False","False","0.43"
"1","1","Blossoming Defense","ecl","Near Mint","English","","","2026-07-08 23:22:59.113000","167","False","False","0.19"
"1","1","Blossoming Sands","tdm","Near Mint","English","foil","","2026-07-08 23:22:59.113000","251","False","False","0.29"
"1","1","Blossoming Sands","tdm","Near Mint","English","","","2026-07-08 23:22:59.113000","251","False","False","0.16"
"1","1","Blossoming Sands","tdm","Near Mint","English","","","2026-07-08 23:22:59.113000","251","False","False","0.16"
"2","2","Blossoming Sands","tdm","Near Mint","English","","","2026-07-08 23:22:59.113000","251","False","False","0.15"
"1","1","Blossoming Sands","tdm","Near Mint","English","foil","","2026-07-08 23:22:59.113000","251","False","False","0.29"
"2","2","Blossoming Sands","fdn","Near Mint","English","","","2026-07-08 23:22:59.113000","260","False","False","0.05"
"1","1","Boarded Window","inr","Near Mint","English","","","2026-07-08 23:22:59.113000","255","False","False","0.04"
"4","4","Boar-q-pine","tla","Near Mint","English","","","2026-07-08 23:22:59.113000","124","False","False","0.06"
"1","1","Body of Knowledge","blc","Near Mint","English","","","2026-07-08 23:22:59.113000","163","False","False","0.14"
"1","1","Boggart Cursecrafter","ecl","Near Mint","English","","","2026-07-08 23:22:59.113000","331","False","False","0.33"
"4","4","Boggart Mischief","ecl","Near Mint","English","","","2026-07-08 23:22:59.113000","92","False","False","0.33"
"3","3","Boggart Prankster","ecl","Near Mint","English","","","2026-07-08 23:22:59.113000","93","False","False","0.13"
"1","1","Boggart Trawler // Boggart Bog","mh3","Near Mint","English","","","2026-07-08 23:22:59.113000","243","False","False","0.71"
"5","5","Bogslither's Embrace","ecl","Near Mint","English","","","2026-07-08 23:22:59.113000","94","False","False","0.16"
"2","2","Bogwater Lumaret","sos","Near Mint","English","","","2026-07-08 23:22:59.113000","177","False","False","0.20"
"1","1","Boiling Rock Prison","tla","Near Mint","English","","","2026-07-08 23:22:59.113000","267","False","False","0.09"
"1","1","Boiling Rock Rioter","tla","Near Mint","English","","","2026-07-08 23:22:59.113000","87","False","False","0.16"
"1","1","Bojuka Bog","soc","Near Mint","English","","","2026-07-08 23:22:59.113000","363","False","False","0.69"
"1","1","Bold Biochemist","msh","Near Mint","English","","","2026-07-08 23:22:59.113000","48","False","False","0.13"
"2","2","Boldwyr Aggressor","ecl","Near Mint","English","","","2026-07-08 23:22:59.113000","125","False","False","0.15"
"1","1","Bolt Bend","fdn","Near Mint","English","","","2026-07-08 23:22:59.113000","619","False","False","3.23"
"1","1","Boltwave","fdn","Near Mint","English","","","2026-07-08 23:22:59.113000","79","False","False","2.67"
"2","2","Bombard","eoe","Near Mint","English","","","2026-07-08 23:22:59.113000","129","False","False","0.12"
"1","1","Bombard","eoe","Near Mint","English","","","2026-07-08 23:22:59.113000","129","False","False","0.08"
"2","2","Bombard","eoe","Near Mint","English","","","2026-07-08 23:22:59.113000","129","False","False","0.13"
"1","1","Bonders' Enclave","eos","Near Mint","English","","","2026-07-08 23:22:59.113000","4","False","False","1.00"
"1","1","Bone Dancer","wth","Near Mint","English","","","2026-07-08 23:22:59.113000","62","False","False","2.94"
"2","2","Bone Shards","mh2","Near Mint","English","","","2026-07-08 23:22:59.113000","76","False","False","0.21"
"1","1","Bonebind Orator","blb","Near Mint","English","foil","","2026-07-08 23:22:59.113000","84","False","False","0.19"
"5","5","Bonebind Orator","blb","Near Mint","English","","","2026-07-08 23:22:59.113000","84","False","False","0.04"
"1","1","Bonecache Overseer","blb","Near Mint","English","foil","","2026-07-08 23:22:59.113000","85","False","False","0.35"
"2","2","Bonecache Overseer","blb","Near Mint","English","","","2026-07-08 23:22:59.113000","85","False","False","0.15"
"1","1","Bone-Cairn Butcher","tdm","Near Mint","English","","","2026-07-08 23:22:59.113000","173","False","False","0.38"
"1","1","Bone-Cairn Butcher","tdm","Near Mint","English","","","2026-07-08 23:22:59.113000","173","False","False","0.33"
"5","5","Boneclub Berserker","ecl","Near Mint","English","","","2026-07-08 23:22:59.113000","126","False","False","0.18"
"1","1","Boom Scholar","dft","Near Mint","English","","","2026-07-08 23:22:59.113000","189","False","False","0.09"
"1","1","Boom Scholar","dft","Near Mint","English","","","2026-07-08 23:22:59.113000","189","False","False","0.09"
"3","3","Boomerang Basics","tla","Near Mint","English","","","2026-07-08 23:22:59.113000","46","False","False","0.76"
"1","1","Boon of Safety","snc","Near Mint","English","foil","","2026-07-08 23:22:59.113000","4","False","False","0.33"
"1","1","Boon of Safety","snc","Near Mint","English","","","2026-07-08 23:22:59.113000","4","False","False","0.10"
"1","1","Boosted Sloop","dft","Near Mint","English","foil","","2026-07-08 23:22:59.113000","190","False","False","0.27"
"1","1","Bootleggers' Stash","drc","Near Mint","English","","","2026-07-08 23:22:59.113000","110","False","False","0.34"
"1","1","Boreal Shelf","csp","Near Mint","English","","","2026-07-08 23:22:59.113000","144","False","False","0.80"
"1","1","Boros Charm","fdn","Near Mint","English","foil","","2026-07-08 23:22:59.113000","721","False","False","3.88"
"1","1","Boros Guildgate","fdn","Near Mint","English","","","2026-07-08 23:22:59.113000","684","False","False","0.18"
"1","1","Borough Backup","msh","Near Mint","English","foil","","2026-07-08 23:22:59.113000","7","False","False","0.36"
"1","1","Borough Backup","msh","Near Mint","English","","","2026-07-08 23:22:59.113000","7","False","False","0.37"
"1","1","Boseiju Reaches Skyward // Branch of Boseiju","neo","Near Mint","English","","","2026-07-08 23:22:59.113000","177","False","False","0.12"
"1","1","Botanical Plaza","snc","Near Mint","English","","","2026-07-08 23:22:59.113000","247","False","False","0.24"
"1","1","Boulder Dash","ecl","Near Mint","English","","","2026-07-08 23:22:59.113000","127","False","False","0.17"
"1","1","Boulderborn Dragon","tdm","Near Mint","English","","","2026-07-08 23:22:59.113000","239","False","False","0.18"
"2","2","Boulderborn Dragon","tdm","Near Mint","English","","","2026-07-08 23:22:59.113000","239","False","False","0.19"
"1","1","Boulderborn Dragon","tdm","Near Mint","English","","","2026-07-08 23:22:59.113000","323","False","False","0.16"
"1","1","Bounce Off","dft","Near Mint","English","foil","","2026-07-08 23:22:59.113000","39","False","False","0.35"
"1","1","Bounce Off","dft","Near Mint","English","","","2026-07-08 23:22:59.113000","39","False","False","0.18"
"1","1","Bounce Off","dft","Near Mint","English","","","2026-07-08 23:22:59.113000","39","False","False","0.18"
"1","1","Boxing Ring","ncc","Near Mint","English","","","2026-07-08 23:22:59.113000","91","False","False","0.42"
"1","1","Brainsurge","mh3","Near Mint","English","","","2026-07-08 23:22:59.113000","53","False","False","0.36"
"4","4","Brambleback Brute","ecl","Near Mint","English","","","2026-07-08 23:22:59.113000","128","False","False","0.08"
"2","2","Brambleguard Captain","blb","Near Mint","English","","","2026-07-08 23:22:59.113000","127","False","False","0.17"
"2","2","Brambleguard Veteran","blb","Near Mint","English","","","2026-07-08 23:22:59.113000","165","False","False","0.10"
"1","1","Brambleguard Veteran","blb","Near Mint","English","foil","","2026-07-08 23:22:59.113000","165","False","False","0.21"
"1","1","Brass Herald","cmr","Near Mint","English","","","2026-07-08 23:22:59.113000","301","False","False","0.20"
"1","1","Brass Infiniscope","soc","Near Mint","English","","","2026-07-08 23:22:59.113000","51","False","False","0.40"
"2","2","Brave Brawler","msh","Near Mint","English","","","2026-07-08 23:22:59.113000","8","False","False","0.15"
"1","1","Brave Brawler","msh","Near Mint","English","foil","","2026-07-08 23:22:59.113000","8","False","False","0.29"
"6","6","Brave-Kin Duo","blb","Near Mint","English","","","2026-07-08 23:22:59.113000","3","False","False","0.13"
"1","1","Brave-Kin Duo","blb","Near Mint","English","foil","","2026-07-08 23:22:59.113000","3","False","False","0.21"
"4","4","Brazen Collector","blb","Near Mint","English","","","2026-07-08 23:22:59.113000","128","False","False","0.16"
"1","1","Brazen Dwarf","afr","Near Mint","English","","","2026-07-08 23:22:59.113000","134","False","False","0.27"
"2","2","Brazen Scourge","fdn","Near Mint","English","","","2026-07-08 23:22:59.113000","191","False","False","0.02"
"2","2","Breaching Dragonstorm","tdm","Near Mint","English","","","2026-07-08 23:22:59.113000","101","False","False","0.27"
"2","2","Breaching Dragonstorm","tdm","Near Mint","English","","","2026-07-08 23:22:59.113000","101","False","False","0.21"
"1","1","Break the Ice","mh2","Near Mint","English","","","2026-07-08 23:22:59.113000","77","False","False","0.30"
"2","2","Break Ties","mh2","Near Mint","English","","","2026-07-08 23:22:59.113000","8","False","False","0.15"
"1","1","Bred for the Hunt","fic","Near Mint","English","","","2026-07-08 23:22:59.113000","321","False","False","0.24"
"1","1","Breeding Pool","eoe","Near Mint","English","","","2026-07-08 23:22:59.113000","278","False","False","14.20"
"1","1","Breeding Pool","eoe","Near Mint","English","","","2026-07-08 23:22:59.113000","251","False","False","11.97"
"2","2","Breeding Pool","eoe","Near Mint","English","","","2026-07-08 23:22:59.113000","251","False","False","11.25"
"1","1","Breeding Pool","eoe","Near Mint","English","","","2026-07-08 23:22:59.113000","251","False","False","10.93"
"1","1","Breena, the Demagogue","c21","Near Mint","English","foil","","2026-07-08 23:22:59.113000","1","False","False","6.78"
"1","1","Briarblade Adept","cmr","Near Mint","English","","","2026-07-08 23:22:59.113000","111","False","False","0.11"
"2","2","Brightblade Stoat","blb","Near Mint","English","","","2026-07-08 23:22:59.113000","4","False","False","0.13"
"1","1","Brightblade Stoat","blb","Near Mint","English","foil","","2026-07-08 23:22:59.113000","4","False","False","0.23"
"1","1","Brightclimb Pathway // Grimclimb Pathway","znr","Near Mint","English","","","2026-07-08 23:22:59.113000","285","False","False","4.38"
"1","1","Brightfield Glider","dft","Near Mint","English","foil","","2026-07-08 23:22:59.113000","4","False","False","0.08"
"1","1","Brightfield Mustang","dft","Near Mint","English","foil","","2026-07-08 23:22:59.113000","5","False","False","0.13"
"1","1","Brightfield Mustang","dft","Near Mint","English","","","2026-07-08 23:22:59.113000","5","False","False","0.07"
"2","2","Brightfield Mustang","dft","Near Mint","English","","","2026-07-08 23:22:59.113000","5","False","False","0.07"
"1","1","Brightglass Gearhulk","dft","Near Mint","English","","","2026-07-08 23:22:59.113000","191","False","False","5.90"
"1","1","Brightglass Gearhulk","dft","Near Mint","English","","","2026-07-08 23:22:59.113000","191","False","False","5.90"
"1","1","Brighthearth Banneret","mor","Near Mint","English","","","2026-07-08 23:22:59.113000","88","False","False","1.98"
"2","2","Brightspear Zealot","eoe","Near Mint","English","","","2026-07-08 23:22:59.113000","8","False","False","0.07"
"1","1","Brightspear Zealot","eoe","Near Mint","English","","","2026-07-08 23:22:59.113000","8","False","False","0.08"
"2","2","Brigid, Clachan's Heart // Brigid, Doun's Mind","ecl","Near Mint","English","","","2026-07-08 23:22:59.113000","7","False","False","0.78"
"1","1","Brimaz, Blight of Oreskos","moc","Near Mint","English","","","2026-07-08 23:22:59.113000","89","False","False","2.29"
"3","3","Brineborn Cutthroat","fdn","Near Mint","English","","","2026-07-08 23:22:59.113000","152","False","False","0.06"
"1","1","Bristlebane Battler","ecl","Near Mint","English","","","2026-07-08 23:22:59.113000","168","False","False","0.39"
"3","3","Bristlebane Outrider","ecl","Near Mint","English","","","2026-07-08 23:22:59.113000","169","False","False","0.18"
"2","2","Broadcast Rambler","dft","Near Mint","English","","","2026-07-08 23:22:59.113000","6","False","False","0.05"
"1","1","Broadcast Rambler","dft","Near Mint","English","","","2026-07-08 23:22:59.113000","293","False","False","0.15"
"2","2","Broadcast Rambler","dft","Near Mint","English","","","2026-07-08 23:22:59.113000","6","False","False","0.05"
"1","1","Broken Wings","dft","Near Mint","English","","","2026-07-08 23:22:59.113000","156","False","False","0.10"
"6","6","Broken Wings","fdn","Near Mint","English","","","2026-07-08 23:22:59.113000","214","False","False","0.03"
"1","1","Broken Wings","blc","Near Mint","English","","","2026-07-08 23:22:59.113000","208","False","False","0.03"
"1","1","Broken Wings","cmm","Near Mint","English","","","2026-07-08 23:22:59.113000","277","False","False","0.08"
"3","3","Broodguard Elite","eoe","Near Mint","English","","","2026-07-08 23:22:59.113000","175","False","False","0.27"
"2","2","Broodguard Elite","eoe","Near Mint","English","","","2026-07-08 23:22:59.113000","175","False","False","0.28"
"1","1","Broodguard Elite","eoe","Near Mint","English","foil","","2026-07-08 23:22:59.113000","175","False","False","0.32"
"1","1","Broodheart Engine","dft","Near Mint","English","","","2026-07-08 23:22:59.113000","193","False","False","0.23"
"1","1","Broodheart Engine","dft","Near Mint","English","","","2026-07-08 23:22:59.113000","193","False","False","0.23"
"1","1","Broodheart Engine","dft","Near Mint","English","foil","","2026-07-08 23:22:59.113000","193","False","False","0.33"
"1","1","Brush Off","sos","Near Mint","English","","","2026-07-08 23:22:59.113000","39","False","False","0.23"
"1","1","Brushfire Elemental","znr","Near Mint","English","","","2026-07-08 23:22:59.113000","221","False","False","0.15"
"1","1","Brushland","blc","Near Mint","English","","","2026-07-08 23:22:59.113000","295","False","False","0.32"
"1","1","Brushland","fic","Near Mint","English","","","2026-07-08 23:22:59.113000","377","False","False","0.41"
"2","2","Bubble Matrix","wth","Near Mint","English","","","2026-07-08 23:22:59.113000","146","False","False","8.94"
"4","4","Bubble Snare","znr","Near Mint","English","","","2026-07-08 23:22:59.113000","47","False","False","0.09"
"1","1","Builder's Talent","blb","Near Mint","English","","","2026-07-08 23:22:59.113000","5","False","False","0.08"
"1","1","Builder's Talent","blb","Near Mint","English","foil","","2026-07-08 23:22:59.113000","5","False","False","0.30"
"1","1","Bulk Up","fdn","Near Mint","English","","","2026-07-08 23:22:59.113000","80","False","False","2.73"
"1","1","Bulk Up","soa","Near Mint","English","","","2026-07-08 23:22:59.113000","40","False","False","0.37"
"1","1","Bulk Up","soa","Near Mint","English","foil","","2026-07-08 23:22:59.113000","40","False","False","0.47"
"1","1","Bull's Strength","afr","Near Mint","English","","","2026-07-08 23:22:59.113000","174","False","False","0.21"
"1","1","Bulwark Ox","dft","Near Mint","English","foil","","2026-07-08 23:22:59.113000","333","False","False","0.35"
"4","4","Bumbleflower's Sharepot","blb","Near Mint","English","","","2026-07-08 23:22:59.113000","244","False","False","0.08"
"1","1","Bumbleflower's Sharepot","blb","Near Mint","English","foil","","2026-07-08 23:22:59.113000","244","False","False","0.28"
"3","3","Bumi Bash","tla","Near Mint","English","","","2026-07-08 23:22:59.113000","125","False","False","0.04"
"3","3","Bumi, King of Three Trials","tla","Near Mint","English","","","2026-07-08 23:22:59.113000","169","False","False","0.18"
"1","1","Burdened Aerialist","mh2","Near Mint","English","","","2026-07-08 23:22:59.113000","38","False","False","0.22"
"2","2","Burdened Stoneback","ecl","Near Mint","English","","","2026-07-08 23:22:59.113000","8","False","False","0.11"
"2","2","Burgeoning","spg","Near Mint","English","","","2026-07-08 23:22:59.113000","126","False","False","30.27"
"4","4","Burglar Rat","fdn","Near Mint","English","","","2026-07-08 23:22:59.113000","170","False","False","0.10"
"1","1","Buried Ruin","eoc","Near Mint","English","","","2026-07-08 23:22:59.113000","150","False","False","0.28"
"1","1","Burner Rocket","dft","Near Mint","English","","","2026-07-08 23:22:59.113000","114","False","False","0.09"
"1","1","Burner Rocket","dft","Near Mint","English","foil","","2026-07-08 23:22:59.113000","311","False","False","0.25"
"1","1","Burner Rocket","dft","Near Mint","English","","","2026-07-08 23:22:59.113000","114","False","False","0.09"
"3","3","Burning Curiosity","ecl","Near Mint","English","","","2026-07-08 23:22:59.113000","129","False","False","0.14"
"1","1","Burning Sands","ody","Near Mint","English","foil","","2026-07-08 23:22:59.113000","180","False","False","25.68"
"1","1","Burning Sands","ody","Near Mint","English","","","2026-07-08 23:22:59.113000","180","False","False","2.12"
"3","3","Burnished Hart","fdn","Near Mint","English","","","2026-07-08 23:22:59.113000","250","False","False","0.09"
"1","1","Burnout Bashtronaut","dft","Near Mint","English","foil","","2026-07-08 23:22:59.113000","115","False","False","1.03"
"1","1","Burrog Banemaker","sos","Near Mint","English","foil","","2026-07-08 23:22:59.113000","75","False","False","0.22"
"1","1","Burrog Barrage","sos","Near Mint","English","foil","","2026-07-08 23:22:59.113000","141","False","False","0.15"
"1","1","Burrog Barrage","sos","Near Mint","English","","","2026-07-08 23:22:59.113000","141","False","False","0.09"
"1","1","Burrog Barrage","sos","Near Mint","English","foil","","2026-07-08 23:22:59.113000","141","False","False","0.14"
"1","1","Burrowguard Mentor","blb","Near Mint","English","foil","","2026-07-08 23:22:59.113000","206","False","False","0.31"
"2","2","Burrowguard Mentor","blb","Near Mint","English","","","2026-07-08 23:22:59.113000","206","False","False","0.26"
"1","1","Burst Lightning","soa","Near Mint","English","","","2026-07-08 23:22:59.113000","41","False","False","0.27"
"7","7","Burst Lightning","fdn","Near Mint","English","","","2026-07-08 23:22:59.113000","192","False","False","0.15"
"1","1","Bushmaster, Coiled Henchman","msc","Near Mint","English","foil","","2026-07-08 23:22:59.113000","716","False","False","1.44"
"4","4","Bushwhack","fdn","Near Mint","English","","","2026-07-08 23:22:59.113000","215","False","False","0.15"
"2","2","Bushy Bodyguard","blb","Near Mint","English","","","2026-07-08 23:22:59.113000","166","False","False","0.20"
"1","1","Bushy Bodyguard","blb","Near Mint","English","foil","","2026-07-08 23:22:59.113000","166","False","False","0.32"
"1","1","Buy Your Silence","snc","Near Mint","English","","","2026-07-08 23:22:59.113000","6","False","False","0.07"
"2","2","Buzzard-Wasp Colony","tla","Near Mint","English","","","2026-07-08 23:22:59.113000","88","False","False","0.09"
"1","1","Bygone Colossus","eoe","Near Mint","English","","","2026-07-08 23:22:59.113000","235","False","False","0.31"
"2","2","Bygone Colossus","eoe","Near Mint","English","","","2026-07-08 23:22:59.113000","235","False","False","0.33"
"1","1","Byway Barterer","blb","Near Mint","English","foil","","2026-07-08 23:22:59.113000","129","False","False","0.34"
"1","1","Byway Barterer","blb","Near Mint","English","","","2026-07-08 23:22:59.113000","129","False","False","0.24"
"1","1","Cabal Initiate","mh2","Near Mint","English","","","2026-07-08 23:22:59.113000","78","False","False","0.23"
"2","2","Cabaretti Charm","snc","Near Mint","English","","","2026-07-08 23:22:59.113000","300","False","False","0.21"
"5","5","Cache Grab","blb","Near Mint","English","","","2026-07-08 23:22:59.113000","167","False","False","0.18"
"1","1","Cache Grab","blb","Near Mint","English","foil","","2026-07-08 23:22:59.113000","167","False","False","0.30"
"3","3","Cackling Prowler","fdn","Near Mint","English","","","2026-07-08 23:22:59.113000","101","False","False","0.04"
"1","1","Cactuar","fin","Near Mint","English","","","2026-07-08 23:22:59.113000","177","False","False","0.20"
"1","1","Cactuar","fin","Near Mint","English","","","2026-07-08 23:22:59.113000","177","False","False","0.08"
"1","1","Cadaverous Bloom","mir","Near Mint","English","","","2026-07-08 23:22:59.113000","258","False","False","9.34"
"1","1","Caelorna, Coral Tyrant","dft","Near Mint","English","foil","","2026-07-08 23:22:59.113000","40","False","False","0.27"
"1","1","Caesar, Legion's Emperor","pip","Near Mint","English","foil","","2026-07-08 23:22:59.113000","1","False","False","4.50"
"1","1","Cage of Hands","cmr","Near Mint","English","","","2026-07-08 23:22:59.113000","14","False","False","0.13"
"2","2","Calamitous Tide","blb","Near Mint","English","","","2026-07-08 23:22:59.113000","43","False","False","0.06"
"1","1","Caldaia Strongarm","snc","Near Mint","English","","","2026-07-08 23:22:59.113000","138","False","False","0.06"
"1","1","Call In a Professional","snc","Near Mint","English","","","2026-07-08 23:22:59.113000","103","False","False","0.21"
"2","2","Call the Mountain Chocobo","fin","Near Mint","English","","","2026-07-08 23:22:59.113000","131","False","False","0.03"
"2","2","Call the Mountain Chocobo","fin","Near Mint","English","","","2026-07-08 23:22:59.113000","131","False","False","0.11"
"4","4","Callous Inspector","tla","Near Mint","English","","","2026-07-08 23:22:59.113000","89","False","False","0.07"
"1","1","Camellia, the Seedmiser","blb","Near Mint","English","foil","","2026-07-08 23:22:59.113000","328","False","False","4.85"
"4","4","Campus Guide","fdn","Near Mint","English","","","2026-07-08 23:22:59.113000","251","False","False","0.03"
"1","1","Cankerbloom","one","Near Mint","English","","","2026-07-08 23:22:59.113000","161","False","False","0.65"
"1","1","Canopy Baloth","znr","Near Mint","English","","","2026-07-08 23:22:59.113000","304","False","False","0.07"
"2","2","Canopy Baloth","znr","Near Mint","English","","","2026-07-08 23:22:59.113000","182","False","False","0.07"
"1","1","Canopy Vista","blc","Near Mint","English","","","2026-07-08 23:22:59.113000","296","False","False","0.20"
"1","1","Canopy Vista","ltc","Near Mint","English","","","2026-07-08 23:22:59.113000","298","False","False","0.30"
"1","1","Canopy Vista","fic","Near Mint","English","","","2026-07-08 23:22:59.113000","378","False","False","0.37"
"4","4","Canyon Crawler","tla","Near Mint","English","","","2026-07-08 23:22:59.113000","90","False","False","0.07"
"1","1","Canyon Vaulter","dft","Near Mint","English","","","2026-07-08 23:22:59.113000","8","False","False","0.19"
"1","1","Canyon Vaulter","dft","Near Mint","English","","","2026-07-08 23:22:59.113000","8","False","False","0.19"
"1","1","Capenna Express","snc","Near Mint","English","","","2026-07-08 23:22:59.113000","139","False","False","0.10"
"1","1","Capital City","fin","Near Mint","English","","","2026-07-08 23:22:59.113000","274","False","False","0.12"
"1","1","Captain America, Liberator","msc","Near Mint","English","foil","","2026-07-08 23:22:59.113000","587","False","False","8.21"
"1","1","Captain America, Living Legend","msh","Near Mint","English","foil","","2026-07-08 23:22:59.113000","210","False","False","0.46"
"1","1","Captain America's Shield","msh","Near Mint","English","foil","","2026-07-08 23:22:59.113000","311","False","False","6.61"
"1","1","Caradora, Heart of Alacria","dft","Near Mint","English","","","2026-07-08 23:22:59.113000","195","False","False","0.22"
"1","1","Cargo Ship","fin","Near Mint","English","","","2026-07-08 23:22:59.113000","47","False","False","0.03"
"1","1","Carnage, Crimson Chaos","spm","Near Mint","English","","","2026-07-08 23:22:59.113000","125","False","False","0.89"
"1","1","Carrion Cruiser","dft","Near Mint","English","foil","","2026-07-08 23:22:59.113000","78","False","False","0.14"
"1","1","Carrion Feeder","mh1","Near Mint","English","","","2026-07-08 23:22:59.113000","81","False","False","3.23"
"2","2","Carrion Imp","rna","Near Mint","English","","","2026-07-08 23:22:59.113000","66","False","False","0.04"
"1","1","Carrot Cake","blb","Near Mint","English","foil","","2026-07-08 23:22:59.113000","7","False","False","0.28"
"4","4","Carrot Cake","blb","Near Mint","English","","","2026-07-08 23:22:59.113000","7","False","False","0.18"
"1","1","Cascade Bluffs","eoc","Near Mint","English","","","2026-07-08 23:22:59.113000","153","False","False","0.47"
"1","1","Cascade Seer","znr","Near Mint","English","","","2026-07-08 23:22:59.113000","48","False","False","0.07"
"1","1","Cascading Cataracts","eos","Near Mint","English","foil","","2026-07-08 23:22:59.113000","140","False","False","16.75"
"1","1","Cascading Cataracts","eos","Near Mint","English","","","2026-07-08 23:22:59.113000","5","False","False","2.19"
"1","1","Casualties of War","soc","Near Mint","English","","","2026-07-08 23:22:59.113000","300","False","False","0.29"
"4","4","Cat Collector","fdn","Near Mint","English","","","2026-07-08 23:22:59.113000","4","False","False","0.12"
"1","1","Catacomb Crocodile","rna","Near Mint","English","","","2026-07-08 23:22:59.113000","67","False","False","0.10"
"2","2","Cat-Gator","tla","Near Mint","English","","","2026-07-08 23:22:59.113000","91","False","False","0.07"
"2","2","Cathar Commando","inr","Near Mint","English","","","2026-07-08 23:22:59.113000","15","False","False","0.20"
"1","1","Cathartic Pyre","ecc","Near Mint","English","","","2026-07-08 23:22:59.113000","90","False","False","0.10"
"4","4","Cat-Owl","tla","Near Mint","English","","","2026-07-08 23:22:59.113000","212","False","False","0.10"
"2","2","Caustic Exhale","tdm","Near Mint","English","","","2026-07-08 23:22:59.113000","74","False","False","0.09"
"2","2","Caustic Exhale","tdm","Near Mint","English","","","2026-07-08 23:22:59.113000","74","False","False","0.09"
"1","1","Caustic Exhale","tdm","Near Mint","English","","","2026-07-08 23:22:59.113000","74","False","False","0.09"
"1","1","Cavalcade of Calamity","rna","Near Mint","English","","","2026-07-08 23:22:59.113000","95","False","False","0.33"
"1","1","Cave of Temptation","mh1","Near Mint","English","","","2026-07-08 23:22:59.113000","237","False","False","0.22"
"1","1","Cayth, Famed Mechanist","m3c","Near Mint","English","foil","","2026-07-08 23:22:59.113000","6","False","False","0.43"
"1","1","Celestial Armor","fdn","Near Mint","English","","","2026-07-08 23:22:59.113000","5","False","False","0.72"
"1","1","Celestial Regulator","snc","Near Mint","English","","","2026-07-08 23:22:59.113000","174","False","False","0.08"
"1","1","Celestial Unicorn","afr","Near Mint","English","","","2026-07-08 23:22:59.113000","301","False","False","0.24"
"1","1","Cemetery Tampering","dsc","Near Mint","English","","","2026-07-08 23:22:59.113000","135","False","False","0.36"
"2","2","Cephalid Inkmage","fdn","Near Mint","English","","","2026-07-08 23:22:59.113000","32","False","False","0.04"
"1","1","Cerebral Download","eoe","Near Mint","English","","","2026-07-08 23:22:59.113000","48","False","False","0.15"
"1","1","Cerebral Download","eoe","Near Mint","English","","","2026-07-08 23:22:59.113000","48","False","False","0.15"
"2","2","Cerebral Download","eoe","Near Mint","English","","","2026-07-08 23:22:59.113000","48","False","False","0.19"
"1","1","Chain Reaction","eoc","Near Mint","English","","","2026-07-08 23:22:59.113000","87","False","False","0.17"
"1","1","Chain Stasis","hml","Near Mint","English","","","2026-07-08 23:22:59.113000","23","False","False","2.41"
"1","1","Champion of Dusan","tdm","Near Mint","English","foil","","2026-07-08 23:22:59.113000","137","False","False","0.21"
"1","1","Champion of Dusan","tdm","Near Mint","English","","","2026-07-08 23:22:59.113000","137","False","False","0.15"
"2","2","Champion of Dusan","tdm","Near Mint","English","","","2026-07-08 23:22:59.113000","137","False","False","0.16"
"1","1","Champion of the Path","ecl","Near Mint","English","","","2026-07-08 23:22:59.113000","130","False","False","0.36"
"1","1","Champion of the Weird","ecl","Near Mint","English","","","2026-07-08 23:22:59.113000","95","False","False","0.24"
"1","1","Champions of the Perfect","ecl","Near Mint","English","","","2026-07-08 23:22:59.113000","171","False","False","0.83"
"1","1","Champions of the Shoal","ecl","Near Mint","English","","","2026-07-08 23:22:59.113000","46","False","False","0.26"
"1","1","Chandra, Flameshaper","fdn","Near Mint","English","","","2026-07-08 23:22:59.113000","81","False","False","1.09"
"1","1","Chandra, Spark Hunter","dft","Near Mint","English","foil","","2026-07-08 23:22:59.113000","401","False","False","19.29"
"1","1","Chandra's Ignition","spg","Near Mint","English","foil","","2026-07-08 23:22:59.113000","89","False","False","35.27"
"7","7","Changeling Wayfinder","ecl","Near Mint","English","","","2026-07-08 23:22:59.113000","1","False","False","0.66"
"1","1","Changing Loyalty","soc","Near Mint","English","","","2026-07-08 23:22:59.113000","23","False","False","2.29"
"1","1","Channeled Dragonfire","tdm","Near Mint","English","","","2026-07-08 23:22:59.113000","102","False","False","0.10"
"1","1","Channeled Dragonfire","tdm","Near Mint","English","","","2026-07-08 23:22:59.113000","102","False","False","0.10"
"2","2","Chaos Spewer","ecl","Near Mint","English","","","2026-07-08 23:22:59.113000","210","False","False","0.17"
"1","1","Chaos Warp","eoc","Near Mint","English","","","2026-07-08 23:22:59.113000","49","False","False","0.42"
"1","1","Charging Strifeknight","sos","Near Mint","English","foil","","2026-07-08 23:22:59.113000","110","False","False","0.21"
"1","1","Charix, the Raging Isle","znr","Near Mint","English","foil","","2026-07-08 23:22:59.113000","386","False","False","0.32"
"1","1","Charming Prince","fdn","Near Mint","English","","","2026-07-08 23:22:59.113000","568","False","False","0.76"
"1","1","Chart a Course","fdn","Near Mint","English","","","2026-07-08 23:22:59.113000","586","False","False","0.14"
"2","2","Chase Inspiration","sos","Near Mint","English","","","2026-07-08 23:22:59.113000","41","False","False","0.09"
"1","1","Chase Inspiration","sos","Near Mint","English","foil","","2026-07-08 23:22:59.113000","41","False","False","0.23"
"1","1","Chase Stein, Runaway","msc","Near Mint","English","foil","","2026-07-08 23:22:59.113000","682","False","False","1.03"
"1","1","Chasm Skulker","blc","Near Mint","English","","","2026-07-08 23:22:59.113000","164","False","False","0.23"
"1","1","Chasm Skulker","fic","Near Mint","English","","","2026-07-08 23:22:59.113000","262","False","False","0.30"
"3","3","Cheerful Osteomancer // Raise Dead","sos","Near Mint","English","","","2026-07-08 23:22:59.113000","76","False","False","0.09"
"2","2","Cheerful Osteomancer // Raise Dead","sos","Near Mint","English","foil","","2026-07-08 23:22:59.113000","76","False","False","0.27"
"1","1","Chelonian Tackle","sos","Near Mint","English","foil","","2026-07-08 23:22:59.113000","142","False","False","0.21"
"1","1","Chillbringer","rna","Near Mint","English","","","2026-07-08 23:22:59.113000","33","False","False","0.05"
"2","2","Chilling Trap","znr","Near Mint","English","","","2026-07-08 23:22:59.113000","50","False","False","0.08"
"2","2","Chitin Gravestalker","dft","Near Mint","English","","","2026-07-08 23:22:59.113000","79","False","False","0.19"
"2","2","Chitin Gravestalker","dft","Near Mint","English","","","2026-07-08 23:22:59.113000","79","False","False","0.19"
"3","3","Chitinous Graspling","ecl","Near Mint","English","","","2026-07-08 23:22:59.113000","211","False","False","0.05"
"1","1","Chitterspitter","blc","Near Mint","English","","","2026-07-08 23:22:59.113000","211","False","False","0.29"
"2","2","Choco, Seeker of Paradise","fin","Near Mint","English","","","2026-07-08 23:22:59.113000","215","False","False","0.30"
"2","2","Chocobo Kick","fin","Near Mint","English","","","2026-07-08 23:22:59.113000","178","False","False","0.05"
"1","1","Chocobo Knights","fic","Near Mint","English","","","2026-07-08 23:22:59.113000","12","False","False","0.35"
"1","1","Chocobo Racetrack","fin","Near Mint","English","","","2026-07-08 23:22:59.113000","179","False","False","0.27"
"1","1","Choco-Comet","fin","Near Mint","English","","","2026-07-08 23:22:59.113000","132","False","False","0.08"
"1","1","Chomping Changeling","ecl","Near Mint","English","","","2026-07-08 23:22:59.113000","172","False","False","0.32"
"1","1","Chorale of the Void","eoe","Near Mint","English","","","2026-07-08 23:22:59.113000","91","False","False","0.26"
"1","1","Chorale of the Void","eoe","Near Mint","English","","","2026-07-08 23:22:59.113000","91","False","False","0.24"
"1","1","Chorale of the Void","eoe","Near Mint","English","","","2026-07-08 23:22:59.113000","91","False","False","0.29"
"2","2","Choreographed Sparks","sos","Near Mint","English","","","2026-07-08 23:22:59.113000","111","False","False","0.31"
"1","1","Chromatic Lantern","sld","Near Mint","English","foil","","2026-07-08 23:22:59.113000","2314","False","False","13.14"
"1","1","Chromatic Lantern","m3c","Near Mint","English","","","2026-07-08 23:22:59.113000","285","False","False","1.24"
"2","2","Chrome Companion","eoe","Near Mint","English","","","2026-07-08 23:22:59.113000","236","False","False","0.16"
"4","4","Chrome Companion","eoe","Near Mint","English","","","2026-07-08 23:22:59.113000","236","False","False","0.17"
"1","1","Chrome Companion","eoe","Near Mint","English","","","2026-07-08 23:22:59.113000","236","False","False","0.20"
"1","1","Chrome Host Seedshark","eoc","Near Mint","English","","","2026-07-08 23:22:59.113000","68","False","False","0.15"
"1","1","Cid, Timeless Artificer","fin","Near Mint","English","","","2026-07-08 23:22:59.113000","414","False","False","2.55"
"1","1","Cid, Timeless Artificer","fin","Near Mint","English","","","2026-07-08 23:22:59.113000","408","False","False","2.39"
"1","1","Cid, Timeless Artificer","fin","Near Mint","English","","","2026-07-08 23:22:59.113000","418","False","False","2.33"
"4","4","Cinder Strike","ecl","Near Mint","English","","","2026-07-08 23:22:59.113000","131","False","False","0.15"
"6","6","Cindering Cutthroat","blb","Near Mint","English","","","2026-07-08 23:22:59.113000","208","False","False","0.06"
"2","2","Cindering Cutthroat","blb","Near Mint","English","foil","","2026-07-08 23:22:59.113000","208","False","False","0.17"
"1","1","Circle of Power","fin","Near Mint","English","","","2026-07-08 23:22:59.113000","92","False","False","0.30"
"1","1","Circle of Power","fin","Near Mint","English","","","2026-07-08 23:22:59.113000","92","False","False","0.09"
"2","2","Circuitous Route","fdn","Near Mint","English","","","2026-07-08 23:22:59.113000","635","False","False","0.34"
"1","1","City Pigeon","spm","Near Mint","English","","","2026-07-08 23:22:59.113000","4","False","False","0.11"
"1","1","Clachan Festival","ecl","Near Mint","English","","","2026-07-08 23:22:59.113000","10","False","False","0.16"
"1","1","Clamor Shaman","rna","Near Mint","English","","","2026-07-08 23:22:59.113000","96","False","False","0.13"
"1","1","Clamorous Ironclad","dft","Near Mint","English","foil","","2026-07-08 23:22:59.113000","312","False","False","0.20"
"1","1","Clamorous Ironclad","dft","Near Mint","English","foil","","2026-07-08 23:22:59.113000","117","False","False","0.10"
"1","1","Clarion Conqueror","tdm","Near Mint","English","","","2026-07-08 23:22:59.113000","5","False","False","2.72"
"2","2","Clash of the Eikons","fin","Near Mint","English","","","2026-07-08 23:22:59.113000","180","False","False","0.07"
"1","1","Clattering Augur","mh2","Near Mint","English","","","2026-07-08 23:22:59.113000","79","False","False","0.23"
"1","1","Clattering Skeletons","afr","Near Mint","English","","","2026-07-08 23:22:59.113000","93","False","False","0.13"
"2","2","Claws Out","fdn","Near Mint","English","","","2026-07-08 23:22:59.113000","6","False","False","0.11"
"1","1","Cleansing Nova","msc","Near Mint","English","","","2026-07-08 23:22:59.113000","124","False","False",""
"2","2","Cleansing Wildfire","znr","Near Mint","English","","","2026-07-08 23:22:59.113000","137","False","False","0.37"
"1","1","Clear the Mind","rna","Near Mint","English","","","2026-07-08 23:22:59.113000","34","False","False","0.28"
"1","1","Clear the Stage","rna","Near Mint","English","","","2026-07-08 23:22:59.113000","68","False","False","0.10"
"1","1","Clement, the Worrywort","blb","Near Mint","English","foil","","2026-07-08 23:22:59.113000","209","False","False","0.40"
"1","1","Clement, the Worrywort","blb","Near Mint","English","","","2026-07-08 23:22:59.113000","209","False","False","0.32"
"1","1","Cleric of Chill Depths","znr","Near Mint","English","","","2026-07-08 23:22:59.113000","51","False","False","0.11"
"1","1","Clever Concealment","fic","Near Mint","English","","","2026-07-08 23:22:59.113000","236","False","False","6.95"
"2","2","Cliffhaven Kitesail","znr","Near Mint","English","","","2026-07-08 23:22:59.113000","243","False","False","0.13"
"1","1","Cliffhaven Sell-Sword","znr","Near Mint","English","","","2026-07-08 23:22:59.113000","8","False","False","0.20"
"1","1","Clifftop Lookout","blb","Near Mint","English","foil","","2026-07-08 23:22:59.113000","168","False","False","0.42"
"1","1","Clifftop Lookout","blb","Near Mint","English","","","2026-07-08 23:22:59.113000","168","False","False","0.30"
"1","1","Clifftop Retreat","eoc","Near Mint","English","","","2026-07-08 23:22:59.113000","155","False","False","0.20"
"2","2","Clinquant Skymage","fdn","Near Mint","English","","","2026-07-08 23:22:59.113000","33","False","False","0.11"
"1","1","Clock of Omens","m13","Near Mint","English","","","2026-07-08 23:22:59.113000","202","False","False","2.99"
"1","1","Clock of Omens","5dn","Near Mint","English","","","2026-07-08 23:22:59.113000","110","False","False","3.64"
"1","1","Close Encounter","eoe","Near Mint","English","","","2026-07-08 23:22:59.113000","176","False","False","0.06"
"1","1","Close Encounter","eoe","Near Mint","English","","","2026-07-08 23:22:59.113000","176","False","False","0.07"
"1","1","Cloud Key","eoc","Near Mint","English","","","2026-07-08 23:22:59.113000","54","False","False","1.12"
"1","1","Cloud of Darkness","fin","Near Mint","English","","","2026-07-08 23:22:59.113000","217","False","False","0.11"
"1","1","Cloud, Planet's Champion","fin","Near Mint","English","foil","","2026-07-08 23:22:59.113000","552","False","False","1.82"
"1","1","Cloudblazer","fdn","Near Mint","English","","","2026-07-08 23:22:59.113000","653","False","False","0.13"
"4","4","Cloudbound Moogle","fin","Near Mint","English","","","2026-07-08 23:22:59.113000","11","False","False","0.04"
"1","1","Cloudpost","m3c","Near Mint","English","","","2026-07-08 23:22:59.113000","330","False","False","0.24"
"1","1","Cloudpost","m3c","Near Mint","English","","","2026-07-08 23:22:59.113000","330","False","False","0.29"
"2","2","Cloudsculpt Technician","eoe","Near Mint","English","","","2026-07-08 23:22:59.113000","49","False","False","0.03"
"3","3","Cloudsculpt Technician","eoe","Near Mint","English","","","2026-07-08 23:22:59.113000","49","False","False","0.04"
"1","1","Cloudspire Captain","dft","Near Mint","English","foil","","2026-07-08 23:22:59.113000","9","False","False","0.35"
"1","1","Cloudspire Captain","dft","Near Mint","English","","","2026-07-08 23:22:59.113000","9","False","False","0.21"
"1","1","Cloudspire Captain","dft","Near Mint","English","","","2026-07-08 23:22:59.113000","9","False","False","0.21"
"1","1","Cloudspire Skycycle","dft","Near Mint","English","","","2026-07-08 23:22:59.113000","197","False","False","0.12"
"1","1","Cloudspire Skycycle","dft","Near Mint","English","","","2026-07-08 23:22:59.113000","197","False","False","0.12"
"1","1","Coalstoke Gearhulk","dft","Near Mint","English","","","2026-07-08 23:22:59.113000","349","False","False","1.80"
"1","1","Coalstoke Gearhulk","dft","Near Mint","English","","","2026-07-08 23:22:59.113000","349","False","False","1.85"
"1","1","Codecracker Hound","eoe","Near Mint","English","","","2026-07-08 23:22:59.113000","50","False","False","0.19"
"1","1","Codecracker Hound","eoe","Near Mint","English","","","2026-07-08 23:22:59.113000","50","False","False","0.20"
"4","4","Coeurl","fin","Near Mint","English","","","2026-07-08 23:22:59.113000","12","False","False","0.02"
"2","2","Coeurl","fin","Near Mint","English","","","2026-07-08 23:22:59.113000","12","False","False","0.10"
"1","1","Coiling Oracle","blc","Near Mint","English","","","2026-07-08 23:22:59.113000","250","False","False","0.11"
"1","1","Coliseum Behemoth","fin","Near Mint","English","","","2026-07-08 23:22:59.113000","181","False","False","0.05"
"1","1","Coliseum Behemoth","fin","Near Mint","English","","","2026-07-08 23:22:59.113000","181","False","False","0.10"
"1","1","Collective Effort","fic","Near Mint","English","","","2026-07-08 23:22:59.113000","237","False","False","0.27"
"1","1","Collective Resistance","mh3","Near Mint","English","","","2026-07-08 23:22:59.113000","147","False","False","0.97"
"2","2","Collective Unconscious","cma","Near Mint","English","","","2026-07-08 23:22:59.113000","97","False","False","0.59"
"1","1","Collective Unconscious","cma","Near Mint","English","","","2026-07-08 23:22:59.113000","97","False","False","0.53"
"1","1","Collective Unconscious","cma","Near Mint","English","","","2026-07-08 23:22:59.113000","97","False","False","1.00"
"1","1","Colleen Wing, Street Samurai","msh","Near Mint","English","foil","","2026-07-08 23:22:59.113000","13","False","False","0.26"
"1","1","Colorstorm Stallion","sos","Near Mint","English","foil","","2026-07-08 23:22:59.113000","299","False","False","1.76"
"1","1","Colorstorm Stallion","sos","Near Mint","English","foil","","2026-07-08 23:22:59.113000","180","False","False","0.64"
"1","1","Colossus of the Blood Age","sos","Near Mint","English","","","2026-07-08 23:22:59.113000","181","False","False","0.18"
"3","3","Combat Tutorial","fin","Near Mint","English","","","2026-07-08 23:22:59.113000","48","False","False","0.05"
"1","1","Combustion Man","tla","Near Mint","English","","","2026-07-08 23:22:59.113000","127","False","False","0.13"
"2","2","Combustion Technique","tla","Near Mint","English","foil","","2026-07-08 23:22:59.113000","301","False","False","0.30"
"2","2","Combustion Technique","tla","Near Mint","English","","","2026-07-08 23:22:59.113000","128","False","False","0.15"
